%% This BibTeX bibliography file was created using BibDesk.
%% http://bibdesk.sourceforge.net/

%% Created for Daniel Buonaiuto at 2018-05-17 08:29:11 -0400 


%% Saved with string encoding Unicode (UTF-8) 



@book{Wilcox2010,
	Author = {Wilcox, R. R. },
	Date-Added = {2018-05-16 16:50:06 +0000},
	Date-Modified = {2018-05-16 16:51:00 +0000},
	Publisher = {Springer},
	Title = {Fundamentals of modern statistical methods: Substantially improving power and accuracy.},
	Year = {2010 }}

@article{Hoch2003,
	Author = {Hoch, G. and Richter A. and Korner, Ch.},
	Date-Added = {2018-01-29 20:05:40 +0000},
	Date-Modified = {2018-01-29 20:06:03 +0000},
	Doi = {10.1046/j.0016-8025.2003.01032.x},
	Issn = {1365-3040},
	Journal = {Plant, Cell & Environment},
	Keywords = {carbohydrates, C-balance, deciduous, evergreen, lipids, starch, sugars},
	Number = {7},
	Pages = {1067--1081},
	Publisher = {Blackwell Science Ltd},
	Title = {Non-structural carbon compounds in temperate forest trees},
	Url = {http://dx.doi.org/10.1046/j.0016-8025.2003.01032.x},
	Volume = {26},
	Year = {2003},
	Bdsk-Url-1 = {http://dx.doi.org/10.1046/j.0016-8025.2003.01032.x}}

@article{Pfanz2002,
	Abstract = {Below the outer peridermal or rhytidomal layers, most stems of woody plants possess greenish tissues. These chlorophyll-containing tissues (the chlorenchymes) within the stems are able to use the stem internal CO2 and the light penetrating the rhytidome to photoassimilate and produce sugars and starch. Although net photosynthetic uptake of CO2 is rarely found, stem internal re-fixation of CO2 in young twigs and branches may compensate for 60--90{\%} of the potential respiratory carbon loss. Isolated chlorenchymal tissues reveal rather high rates of net photosynthesis (being up to 75{\%} of the respective rates for leaf photosynthesis). Corticular photosynthesis is thus thought to be an effective mechanism for recapturing respiratory carbon dioxide before it diffuses out of the stem. Furthermore, chloroplasts of the proper wood or pith fraction also take part in stem internal photosynthesis. Although there has been no strong experimental evidence until now, we suggest that the oxygen evolved during wood or pith photosynthesis may play a decisive role in avoiding/reducing stem internal anaerobiosis.},
	Author = {Pfanz, H., Aschan, G., Langenfeld-Heyser, R., Wittmann, C., Loose, M.},
	Date-Added = {2018-01-29 20:04:16 +0000},
	Date-Modified = {2018-01-30 02:26:16 +0000},
	Day = {01},
	Doi = {10.1007/s00114-002-0309-z},
	Issn = {1432-1904},
	Journal = {Naturwissenschaften},
	Month = {Apr},
	Number = {4},
	Pages = {147--162},
	Title = {Ecology and ecophysiology of tree stems: corticular and wood photosynthesis},
	Url = {https://doi.org/10.1007/s00114-002-0309-z},
	Volume = {89},
	Year = {2002},
	Bdsk-Url-1 = {https://doi.org/10.1007/s00114-002-0309-z},
	Bdsk-Url-2 = {http://dx.doi.org/10.1007/s00114-002-0309-z}}

@article{Ives2010,
	Author = {Ives, Anthony R. and Garland, Jr. ,Theodore},
	Date-Added = {2018-01-29 20:02:15 +0000},
	Date-Modified = {2018-01-29 20:02:28 +0000},
	Doi = {10.1093/sysbio/syp074},
	Eprint = {/oup/backfile/content_public/journal/sysbio/59/1/10.1093_sysbio_syp074/4/syp074.pdf},
	Journal = {Systematic Biology},
	Number = {1},
	Pages = {9-26},
	Title = {Phylogenetic Logistic Regression for Binary Dependent Variables},
	Url = {+ http://dx.doi.org/10.1093/sysbio/syp074},
	Volume = {59},
	Year = {2010},
	Bdsk-Url-1 = {+%20http://dx.doi.org/10.1093/sysbio/syp074},
	Bdsk-Url-2 = {http://dx.doi.org/10.1093/sysbio/syp074}}

@article{Tauber1967,
	Author = {Henrik Tauber},
	Date-Added = {2018-01-29 19:56:25 +0000},
	Date-Modified = {2018-01-29 19:58:39 +0000},
	Journal = {Review of Palaeobotany and Palynology},
	Pages = {277-288},
	Title = {Investigations of the mode of pollen transfer in forested areas},
	Volume = {3},
	Year = {1967},
	Bdsk-File-1 = {YnBsaXN0MDDUAQIDBAUGJCVYJHZlcnNpb25YJG9iamVjdHNZJGFyY2hpdmVyVCR0b3ASAAGGoKgHCBMUFRYaIVUkbnVsbNMJCgsMDxJXTlMua2V5c1pOUy5vYmplY3RzViRjbGFzc6INDoACgAOiEBGABIAFgAdccmVsYXRpdmVQYXRoWWFsaWFzRGF0YV8QXy4uLy4uLy4uLy4uL0Rlc2t0b3AvaHlzdC5tYW51c2NyaXB0LnBhcGVycy9XaW5kLnBvbGxpbmF0aW9uL0ludmVuc3RpZ2F0aW9uIG9mIGZvcmVzdCBwb2xsZW4ucGRm0hcLGBlXTlMuZGF0YU8RAgIAAAAAAgIAAgAADE1hY2ludG9zaCBIRAAAAAAAAAAAAAAAAAAAAAAAAABCRAAB/////x9JbnZlbnN0aWdhdGlvbiBvZiAjRkZGRkZGRkYucGRmAAAAAAAAAAAAAAAAAAAAAAAAAAAAAAAAAAAAAAAAAAD/////AAAAAAAAAAAAAAAAAAQABAAACiBjdQAAAAAAAAAAAAAAAAAQV2luZC5wb2xsaW5hdGlvbgACAGsvOlVzZXJzOmRhbmllbGJ1b25haXV0bzpEZXNrdG9wOmh5c3QubWFudXNjcmlwdC5wYXBlcnM6V2luZC5wb2xsaW5hdGlvbjpJbnZlbnN0aWdhdGlvbiBvZiBmb3Jlc3QgcG9sbGVuLnBkZgAADgBIACMASQBuAHYAZQBuAHMAdABpAGcAYQB0AGkAbwBuACAAbwBmACAAZgBvAHIAZQBzAHQAIABwAG8AbABsAGUAbgAuAHAAZABmAA8AGgAMAE0AYQBjAGkAbgB0AG8AcwBoACAASABEABIAaVVzZXJzL2RhbmllbGJ1b25haXV0by9EZXNrdG9wL2h5c3QubWFudXNjcmlwdC5wYXBlcnMvV2luZC5wb2xsaW5hdGlvbi9JbnZlbnN0aWdhdGlvbiBvZiBmb3Jlc3QgcG9sbGVuLnBkZgAAEwABLwAAFQACABb//wAAgAbSGxwdHlokY2xhc3NuYW1lWCRjbGFzc2VzXU5TTXV0YWJsZURhdGGjHR8gVk5TRGF0YVhOU09iamVjdNIbHCIjXE5TRGljdGlvbmFyeaIiIF8QD05TS2V5ZWRBcmNoaXZlctEmJ1Ryb290gAEACAARABoAIwAtADIANwBAAEYATQBVAGAAZwBqAGwAbgBxAHMAdQB3AIQAjgDwAPUA/QMDAwUDCgMVAx4DLAMwAzcDQANFA1IDVQNnA2oDbwAAAAAAAAIBAAAAAAAAACgAAAAAAAAAAAAAAAAAAANx}}

@article{Milleron2012,
	Author = {MatÄ±as Milleron, Unai Lopez de Heredia, Zaida Lorenzo, Ramon Perea, Aikaterini Dounavi, Jesus Alonso, Luis Gil, Nikos Nanos},
	Date-Added = {2018-01-29 19:54:13 +0000},
	Date-Modified = {2018-01-30 02:25:36 +0000},
	Journal = {Plant Ecology},
	Pages = {1715-1728},
	Title = {Effect of canopy closure on pollen dispersal in a wind-pollinated species (Fagus sylvatica L.)},
	Volume = {213},
	Year = {2012},
	Bdsk-File-1 = {YnBsaXN0MDDUAQIDBAUGJCVYJHZlcnNpb25YJG9iamVjdHNZJGFyY2hpdmVyVCR0b3ASAAGGoKgHCBMUFRYaIVUkbnVsbNMJCgsMDxJXTlMua2V5c1pOUy5vYmplY3RzViRjbGFzc6INDoACgAOiEBGABIAFgAdccmVsYXRpdmVQYXRoWWFsaWFzRGF0YV8QTS4uLy4uLy4uLy4uL0Rlc2t0b3AvaHlzdC5tYW51c2NyaXB0LnBhcGVycy9XaW5kLnBvbGxpbmF0aW9uL01pbGxlcm9uIDIwMTIucGRm0hcLGBlXTlMuZGF0YU8RAboAAAAAAboAAgAADE1hY2ludG9zaCBIRAAAAAAAAAAAAAAAAAAAAAAAAABCRAAB/////xFNaWxsZXJvbiAyMDEyLnBkZgAAAAAAAAAAAAAAAAAAAAAAAAAAAAAAAAAAAAAAAAAAAAAAAAAAAAAAAAAAAAD/////AAAAAAAAAAAAAAAAAAQABAAACiBjdQAAAAAAAAAAAAAAAAAQV2luZC5wb2xsaW5hdGlvbgACAFkvOlVzZXJzOmRhbmllbGJ1b25haXV0bzpEZXNrdG9wOmh5c3QubWFudXNjcmlwdC5wYXBlcnM6V2luZC5wb2xsaW5hdGlvbjpNaWxsZXJvbiAyMDEyLnBkZgAADgAkABEATQBpAGwAbABlAHIAbwBuACAAMgAwADEAMgAuAHAAZABmAA8AGgAMAE0AYQBjAGkAbgB0AG8AcwBoACAASABEABIAV1VzZXJzL2RhbmllbGJ1b25haXV0by9EZXNrdG9wL2h5c3QubWFudXNjcmlwdC5wYXBlcnMvV2luZC5wb2xsaW5hdGlvbi9NaWxsZXJvbiAyMDEyLnBkZgAAEwABLwAAFQACABb//wAAgAbSGxwdHlokY2xhc3NuYW1lWCRjbGFzc2VzXU5TTXV0YWJsZURhdGGjHR8gVk5TRGF0YVhOU09iamVjdNIbHCIjXE5TRGljdGlvbmFyeaIiIF8QD05TS2V5ZWRBcmNoaXZlctEmJ1Ryb290gAEACAARABoAIwAtADIANwBAAEYATQBVAGAAZwBqAGwAbgBxAHMAdQB3AIQAjgDeAOMA6wKpAqsCsAK7AsQC0gLWAt0C5gLrAvgC+wMNAxADFQAAAAAAAAIBAAAAAAAAACgAAAAAAAAAAAAAAAAAAAMX}}

@article{Franklin2016,
	Author = {Donaold C. Franklin},
	Date-Added = {2018-01-29 19:52:10 +0000},
	Date-Modified = {2018-01-29 19:53:16 +0000},
	Journal = {Plant Ecology and Evolution},
	Number = {3},
	Pages = {272-279},
	Title = {Flowering while lea ess in the seasonal tropics need not be cued by leaf drop: evidence from the woody genus Brachychiton (Malvaceae)},
	Volume = {149},
	Year = {2016},
	Bdsk-File-1 = {YnBsaXN0MDDUAQIDBAUGJCVYJHZlcnNpb25YJG9iamVjdHNZJGFyY2hpdmVyVCR0b3ASAAGGoKgHCBMUFRYaIVUkbnVsbNMJCgsMDxJXTlMua2V5c1pOUy5vYmplY3RzViRjbGFzc6INDoACgAOiEBGABIAFgAdccmVsYXRpdmVQYXRoWWFsaWFzRGF0YV8QOy4uLy4uLy4uLy4uL0Rlc2t0b3AvaHlzdC5tYW51c2NyaXB0LnBhcGVycy9mcmFua2xpbjIwMTYucGRm0hcLGBlXTlMuZGF0YU8RAZoAAAAAAZoAAgAADE1hY2ludG9zaCBIRAAAAAAAAAAAAAAAAAAAAAAAAABCRAAB/////xBmcmFua2xpbjIwMTYucGRmAAAAAAAAAAAAAAAAAAAAAAAAAAAAAAAAAAAAAAAAAAAAAAAAAAAAAAAAAAAAAAD/////AAAAAAAAAAAAAAAAAAQAAwAACiBjdQAAAAAAAAAAAAAAAAAWaHlzdC5tYW51c2NyaXB0LnBhcGVycwACAEcvOlVzZXJzOmRhbmllbGJ1b25haXV0bzpEZXNrdG9wOmh5c3QubWFudXNjcmlwdC5wYXBlcnM6ZnJhbmtsaW4yMDE2LnBkZgAADgAiABAAZgByAGEAbgBrAGwAaQBuADIAMAAxADYALgBwAGQAZgAPABoADABNAGEAYwBpAG4AdABvAHMAaAAgAEgARAASAEVVc2Vycy9kYW5pZWxidW9uYWl1dG8vRGVza3RvcC9oeXN0Lm1hbnVzY3JpcHQucGFwZXJzL2ZyYW5rbGluMjAxNi5wZGYAABMAAS8AABUAAgAW//8AAIAG0hscHR5aJGNsYXNzbmFtZVgkY2xhc3Nlc11OU011dGFibGVEYXRhox0fIFZOU0RhdGFYTlNPYmplY3TSGxwiI1xOU0RpY3Rpb25hcnmiIiBfEA9OU0tleWVkQXJjaGl2ZXLRJidUcm9vdIABAAgAEQAaACMALQAyADcAQABGAE0AVQBgAGcAagBsAG4AcQBzAHUAdwCEAI4AzADRANkCdwJ5An4CiQKSAqACpAKrArQCuQLGAskC2wLeAuMAAAAAAAACAQAAAAAAAAAoAAAAAAAAAAAAAAAAAAAC5Q==}}

@article{Kelly2001,
	Author = {Kelly, Dave and Hart, Deirdre E. and Allen, Robert B.},
	Date-Added = {2018-01-29 19:43:37 +0000},
	Date-Modified = {2018-01-29 19:44:30 +0000},
	Doi = {10.1890/0012-9658(2001)082[0117:ETWPBO]2.0.CO;2},
	Issn = {1939-9170},
	Journal = {Ecology},
	Keywords = {economies of scale, fragmentation, mast flowering, mast seeding, modeling, New Zealand, predator satiation, seed set, selective advantage, wind pollination},
	Number = {1},
	Pages = {117--126},
	Publisher = {Ecological Society of America},
	Title = {Evaluating the wind pollination benefits of mast seeding},
	Url = {http://dx.doi.org/10.1890/0012-9658(2001)082[0117:ETWPBO]2.0.CO;2},
	Volume = {82},
	Year = {2001},
	Bdsk-Url-1 = {http://dx.doi.org/10.1890/0012-9658(2001)082%5B0117:ETWPBO%5D2.0.CO;2}}

@book{Glover2007,
	Author = {Beverley Glover},
	Date-Added = {2018-01-29 19:33:40 +0000},
	Date-Modified = {2018-01-29 19:35:18 +0000},
	Publisher = {Oxford University Press},
	Title = {Understanding Flowers and Flowering: An integrated approach},
	Year = {2007}}

@article{Basler2012,
	Author = {David Basler and Christian Korner},
	Date-Added = {2018-01-29 19:30:12 +0000},
	Date-Modified = {2018-01-29 19:31:46 +0000},
	Journal = {Agricultural and Forest Meteorology},
	Pages = {73-81},
	Title = {Photoperiod sensitivity of bud burst in 14 temperate forest tree species},
	Volume = {165},
	Year = {2012},
	Bdsk-File-1 = {YnBsaXN0MDDUAQIDBAUGJCVYJHZlcnNpb25YJG9iamVjdHNZJGFyY2hpdmVyVCR0b3ASAAGGoKgHCBMUFRYaIVUkbnVsbNMJCgsMDxJXTlMua2V5c1pOUy5vYmplY3RzViRjbGFzc6INDoACgAOiEBGABIAFgAdccmVsYXRpdmVQYXRoWWFsaWFzRGF0YV8QNy4uLy4uLy4uLy4uL0Rvd25sb2Fkcy8xLXMyLjAtUzAxNjgxOTIzMTIwMDIwMDYtbWFpbi5wZGbSFwsYGVdOUy5kYXRhTxEBqAAAAAABqAACAAAMTWFjaW50b3NoIEhEAAAAAAAAAAAAAAAAAAAAAAAAAEJEAAH/////HzEtczIuMC1TMDE2ODE5MjMxMiNGRkZGRkZGRi5wZGYAAAAAAAAAAAAAAAAAAAAAAAAAAAAAAAAAAAAAAAAAAP////8AAAAAAAAAAAAAAAAABAACAAAKIGN1AAAAAAAAAAAAAAAAAAlEb3dubG9hZHMAAAIAQy86VXNlcnM6ZGFuaWVsYnVvbmFpdXRvOkRvd25sb2FkczoxLXMyLjAtUzAxNjgxOTIzMTIwMDIwMDYtbWFpbi5wZGYAAA4ARAAhADEALQBzADIALgAwAC0AUwAwADEANgA4ADEAOQAyADMAMQAyADAAMAAyADAAMAA2AC0AbQBhAGkAbgAuAHAAZABmAA8AGgAMAE0AYQBjAGkAbgB0AG8AcwBoACAASABEABIAQVVzZXJzL2RhbmllbGJ1b25haXV0by9Eb3dubG9hZHMvMS1zMi4wLVMwMTY4MTkyMzEyMDAyMDA2LW1haW4ucGRmAAATAAEvAAAVAAIAFv//AACABtIbHB0eWiRjbGFzc25hbWVYJGNsYXNzZXNdTlNNdXRhYmxlRGF0YaMdHyBWTlNEYXRhWE5TT2JqZWN00hscIiNcTlNEaWN0aW9uYXJ5oiIgXxAPTlNLZXllZEFyY2hpdmVy0SYnVHJvb3SAAQAIABEAGgAjAC0AMgA3AEAARgBNAFUAYABnAGoAbABuAHEAcwB1AHcAhACOAMgAzQDVAoECgwKIApMCnAKqAq4CtQK+AsMC0ALTAuUC6ALtAAAAAAAAAgEAAAAAAAAAKAAAAAAAAAAAAAAAAAAAAu8=}}

@article{Ho2014,
	Author = {Lam Si Tung Ho and Cecile Ane},
	Date-Added = {2018-01-29 19:19:30 +0000},
	Date-Modified = {2018-01-29 19:20:22 +0000},
	Journal = {Systematic Biology},
	Pages = {397-408},
	Title = {A linear-time algorithm for Gaussian and non-Gaussian trait evolution models},
	Volume = {63},
	Year = {2014}}

@manual{Orme2013,
	Author = {David Orme and Rob Freckleton and Gavan Thomas, and Thomas Petzoldt and Susanne Fritz, and Nick Isaac and Will Pearse},
	Date-Added = {2018-01-29 19:13:39 +0000},
	Date-Modified = {2018-01-29 19:16:48 +0000},
	Title = {caper: Comparative Analyses of Phylogenetics and Evolution in R},
	Year = {2013}}

@booklet{OKeefe2015,
	Author = {O'Keefe, John},
	Date-Added = {2018-01-29 19:05:47 +0000},
	Date-Modified = {2018-01-29 19:07:26 +0000},
	Publisher = {Harvard Forest Data Archive: HF003.},
	Title = {Phenology of Woody Species at Harvard Forest since 1990.},
	Year = {2015}}

@book{Spurr1980,
	Author = {Stephen H. Spurr, Burton V. Barnes},
	Date-Added = {2018-01-29 18:49:00 +0000},
	Date-Modified = {2018-01-29 18:50:07 +0000},
	Edition = {3rd},
	Publisher = {John Wiley &Sons},
	Title = {Forest Ecology},
	Year = {1980}}

@article{Primack1987,
	Annote = {doi: 10.1146/annurev.es.18.110187.002205},
	Author = {Primack, R B},
	Booktitle = {Annual Review of Ecology and Systematics},
	Da = {1987/11/01},
	Date = {1987/11/01},
	Date-Added = {2018-01-18 00:58:07 +0000},
	Date-Modified = {2018-01-18 00:58:18 +0000},
	Doi = {10.1146/annurev.es.18.110187.002205},
	Isbn = {0066-4162},
	Journal = {Annual Review of Ecology and Systematics},
	Journal1 = {Annu. Rev. Ecol. Syst.},
	M3 = {doi: 10.1146/annurev.es.18.110187.002205},
	Month = {2018/01/17},
	Number = {1},
	Pages = {409--430},
	Publisher = {Annual Reviews},
	Title = {Relationships Among Flowers, Fruits, and Seeds},
	Ty = {JOUR},
	Url = {https://doi.org/10.1146/annurev.es.18.110187.002205},
	Volume = {18},
	Year = {1987},
	Year1 = {1987},
	Bdsk-Url-1 = {https://doi.org/10.1146/annurev.es.18.110187.002205},
	Bdsk-Url-2 = {http://dx.doi.org/10.1146/annurev.es.18.110187.002205}}

@article{Cook2012,
	Annote = {10.1073/pnas.1118364109},
	Author = {Cook, Benjamin I. and Wolkovich, Elizabeth M. and Parmesan, Camille},
	Date = {2012/06/05},
	Date-Added = {2018-01-18 00:55:24 +0000},
	Date-Modified = {2018-01-18 00:55:32 +0000},
	Journal = {Proceedings of the National Academy of Sciences},
	Journal1 = {Proceedings of the National Academy of Sciences},
	Month = {06},
	N2 = {Analyses of datasets throughout the temperate midlatitude regions show a widespread tendency for species to advance their springtime phenology, consistent with warming trends over the past 20--50 y. Within these general trends toward earlier spring, however, are species that either have insignificant trends or have delayed their timing. Various explanations have been offered to explain this apparent nonresponsiveness to warming, including the influence of other abiotic cues (e.g., photoperiod) or reductions in fall/winter chilling (vernalization). Few studies, however, have explicitly attributed the historical trends of nonresponding species to any specific factor. Here, we analyzed long-term data on phenology and seasonal temperatures from 490 species on two continents and demonstrate that (i) apparent nonresponders are indeed responding to warming, but their responses to fall/winter and spring warming are opposite in sign and of similar magnitude; (ii) observed trends in first flowering date depend strongly on the magnitude of a given species'response to fall/winter vs. spring warming; and (iii) inclusion of fall/winter temperature cues strongly improves hindcast model predictions of long-term flowering trends compared with models with spring warming only. With a few notable exceptions, climate change research has focused on the overall mean trend toward phenological advance, minimizing discussion of apparently nonresponding species. Our results illuminate an understudied source of complexity in wild species responses and support the need for models incorporating diverse environmental cues to improve predictability of community level responses to anthropogenic climate change.},
	Number = {23},
	Pages = {9000--9005},
	Title = {Divergent responses to spring and winter warming drive community level flowering trends},
	Ty = {JOUR},
	Url = {http://www.pnas.org/content/109/23/9000.abstract},
	Volume = {109},
	Year = {2012},
	Bdsk-Url-1 = {http://www.pnas.org/content/109/23/9000.abstract}}

@article{Lenz2013,
	Author = {Lenz, Armando and Hoch, G{\"u}nter and Vitasse, Yann and K{\"o}rner, Christian},
	Date-Added = {2018-01-18 00:49:45 +0000},
	Date-Modified = {2018-01-18 00:49:45 +0000},
	Doi = {10.1111/nph.12452},
	Issn = {0028-646X},
	Journal = {New Phytologist},
	Month = {Aug},
	Number = {4},
	Pages = {1166--1175},
	Publisher = {Wiley-Blackwell},
	Title = {European deciduous trees exhibit similar safety margins against damage by spring freeze events along elevational gradients},
	Url = {http://dx.doi.org/10.1111/nph.12452},
	Volume = {200},
	Year = {2013},
	Bdsk-File-1 = {YnBsaXN0MDDUAQIDBAUGJCVYJHZlcnNpb25YJG9iamVjdHNZJGFyY2hpdmVyVCR0b3ASAAGGoKgHCBMUFRYaIVUkbnVsbNMJCgsMDxJXTlMua2V5c1pOUy5vYmplY3RzViRjbGFzc6INDoACgAOiEBGABIAFgAdccmVsYXRpdmVQYXRoWWFsaWFzRGF0YV8QKi4uLy4uL3NwcmluZ2ZyZWV6ZS9yZWZzL0xlbnpfZXRhbF8yMDEzLnBkZtIXCxgZV05TLmRhdGFPEQHWAAAAAAHWAAIAAAxNYWNpbnRvc2ggSEQAAAAAAAAAAAAAAAAAAADKQLGsSCsAAANjEGkSTGVuel9ldGFsXzIwMTMucGRmAAAAAAAAAAAAAAAAAAAAAAAAAAAAAAAAAAAAAAAAAAAAAAAAAAAAAAAAAAAAA2MQm9S3vKMAAAAAAAAAAAACAAMAAAkgAAAAAAAAAAAAAAAAAAAABHJlZnMAEAAIAADKQOnsAAAAEQAIAADUuALzAAAAAQAYA2MQaQNJhkwDR0e+AAUCWAAFAlcAAL7sAAIAW01hY2ludG9zaCBIRDpVc2VyczoAZGFuaWVsYnVvbmFpdXRvOgBEb2N1bWVudHM6AGdpdDoAc3ByaW5nZnJlZXplOgByZWZzOgBMZW56X2V0YWxfMjAxMy5wZGYAAA4AJgASAEwAZQBuAHoAXwBlAHQAYQBsAF8AMgAwADEAMwAuAHAAZABmAA8AGgAMAE0AYQBjAGkAbgB0AG8AcwBoACAASABEABIASFVzZXJzL2RhbmllbGJ1b25haXV0by9Eb2N1bWVudHMvZ2l0L3NwcmluZ2ZyZWV6ZS9yZWZzL0xlbnpfZXRhbF8yMDEzLnBkZgATAAEvAAAVAAIAFv//AACABtIbHB0eWiRjbGFzc25hbWVYJGNsYXNzZXNdTlNNdXRhYmxlRGF0YaMdHyBWTlNEYXRhWE5TT2JqZWN00hscIiNcTlNEaWN0aW9uYXJ5oiIgXxAPTlNLZXllZEFyY2hpdmVy0SYnVHJvb3SAAQAIABEAGgAjAC0AMgA3AEAARgBNAFUAYABnAGoAbABuAHEAcwB1AHcAhACOALsAwADIAqICpAKpArQCvQLLAs8C1gLfAuQC8QL0AwYDCQMOAAAAAAAAAgEAAAAAAAAAKAAAAAAAAAAAAAAAAAAAAxA=}}

@article{Hufkins2012,
	Author = {Hufkens, Koen and Friedl, Mark A. and Keenan, Trevor F. and Sonnentag, Oliver and Bailey, Amey and O'Keefe, John and Richardson, Andrew D.},
	Date-Added = {2018-01-18 00:45:42 +0000},
	Date-Modified = {2018-01-29 19:59:50 +0000},
	Doi = {10.1111/j.1365-2486.2012.02712.x},
	Issn = {1354-1013},
	Journal = {Global Change Biology},
	Month = {May},
	Number = {7},
	Pages = {2365--2377},
	Publisher = {Wiley-Blackwell},
	Title = {Ecological impacts of a widespread frost event following early spring leaf-out},
	Url = {http://dx.doi.org/10.1111/j.1365-2486.2012.02712.x},
	Volume = {18},
	Year = {2012},
	Bdsk-File-1 = {YnBsaXN0MDDUAQIDBAUGJCVYJHZlcnNpb25YJG9iamVjdHNZJGFyY2hpdmVyVCR0b3ASAAGGoKgHCBMUFRYaIVUkbnVsbNMJCgsMDxJXTlMua2V5c1pOUy5vYmplY3RzViRjbGFzc6INDoACgAOiEBGABIAFgAdccmVsYXRpdmVQYXRoWWFsaWFzRGF0YV8QNS4uLy4uL3NwcmluZ2ZyZWV6ZS9yZWZzL0h1ZmtlbnNfMjAxMl9HbG9iYWxDaEJpb2wucGRm0hcLGBlXTlMuZGF0YU8RAgIAAAAAAgIAAgAADE1hY2ludG9zaCBIRAAAAAAAAAAAAAAAAAAAAMpAsaxIKwAAA2MQaR1IdWZrZW5zXzIwMTJfR2xvYmFsQ2hCaW9sLnBkZgAAAAAAAAAAAAAAAAAAAAAAAAAAAAAAAAAAAAAAAAAAAAADYxCK1Le8ogAAAAAAAAAAAAIAAwAACSAAAAAAAAAAAAAAAAAAAAAEcmVmcwAQAAgAAMpA6ewAAAARAAgAANS4AvIAAAABABgDYxBpA0mGTANHR74ABQJYAAUCVwAAvuwAAgBmTWFjaW50b3NoIEhEOlVzZXJzOgBkYW5pZWxidW9uYWl1dG86AERvY3VtZW50czoAZ2l0OgBzcHJpbmdmcmVlemU6AHJlZnM6AEh1ZmtlbnNfMjAxMl9HbG9iYWxDaEJpb2wucGRmAA4APAAdAEgAdQBmAGsAZQBuAHMAXwAyADAAMQAyAF8ARwBsAG8AYgBhAGwAQwBoAEIAaQBvAGwALgBwAGQAZgAPABoADABNAGEAYwBpAG4AdABvAHMAaAAgAEgARAASAFNVc2Vycy9kYW5pZWxidW9uYWl1dG8vRG9jdW1lbnRzL2dpdC9zcHJpbmdmcmVlemUvcmVmcy9IdWZrZW5zXzIwMTJfR2xvYmFsQ2hCaW9sLnBkZgAAEwABLwAAFQACABb//wAAgAbSGxwdHlokY2xhc3NuYW1lWCRjbGFzc2VzXU5TTXV0YWJsZURhdGGjHR8gVk5TRGF0YVhOU09iamVjdNIbHCIjXE5TRGljdGlvbmFyeaIiIF8QD05TS2V5ZWRBcmNoaXZlctEmJ1Ryb290gAEACAARABoAIwAtADIANwBAAEYATQBVAGAAZwBqAGwAbgBxAHMAdQB3AIQAjgDGAMsA0wLZAtsC4ALrAvQDAgMGAw0DFgMbAygDKwM9A0ADRQAAAAAAAAIBAAAAAAAAACgAAAAAAAAAAAAAAAAAAANH}}

@book{Gelman2007,
	Author = {Gellman, Andrew; and Hill,Jennifer},
	Date-Added = {2018-01-18 00:25:21 +0000},
	Date-Modified = {2018-01-29 20:00:01 +0000},
	Publisher = {Cambridge University Press},
	Title = {Data Analysis Using Regression and Multilevel/Hierarchical Models},
	Year = {2997}}

@article{Kramer1995,
	Author = {Kramer, K},
	Date-Added = {2018-01-17 15:47:43 +0000},
	Date-Modified = {2018-01-17 15:47:43 +0000},
	Journal = {Plant, Cell and Environment},
	Pages = {93-104},
	Title = {Phenotypic plasticity of the phenology of seven European tree species in relation to climatic warming},
	Volume = {18},
	Year = {1995},
	Bdsk-File-1 = {YnBsaXN0MDDUAQIDBAUGJCVYJHZlcnNpb25YJG9iamVjdHNZJGFyY2hpdmVyVCR0b3ASAAGGoKgHCBMUFRYaIVUkbnVsbNMJCgsMDxJXTlMua2V5c1pOUy5vYmplY3RzViRjbGFzc6INDoACgAOiEBGABIAFgAdccmVsYXRpdmVQYXRoWWFsaWFzRGF0YV8QVC4uLy4uLy4uLy4uL0Rlc2t0b3AvSGFydmFyZC8yNzgvcGxhc3RpY2l0eS9LUkFNRVItMTk5NS1QbGFudCxfQ2VsbF8mX0Vudmlyb25tZW50LnBkZtIXCxgZV05TLmRhdGFPEQIsAAAAAAIsAAIAAAxNYWNpbnRvc2ggSEQAAAAAAAAAAAAAAAAAAADKQLGsSCsAAANoj4cfS1JBTUVSLTE5OTUtUGxhbnQsXyMzNjg4RkIzLnBkZgAAAAAAAAAAAAAAAAAAAAAAAAAAAAAAAAAAAAAAAAAAA2iPs9T3GTgAAAAAAAAAAAAEAAUAAAkgAAAAAAAAAAAAAAAAAAAACnBsYXN0aWNpdHkAEAAIAADKQOnsAAAAEQAIAADU91F4AAAAAQAYA2iPhwNqQsIDPgkxAAUC9QAFAlcAAL7sAAIAZ01hY2ludG9zaCBIRDpVc2VyczoAZGFuaWVsYnVvbmFpdXRvOgBEZXNrdG9wOgBIYXJ2YXJkOgAyNzg6AHBsYXN0aWNpdHk6AEtSQU1FUi0xOTk1LVBsYW50LF8jMzY4OEZCMy5wZGYAAA4AVAApAEsAUgBBAE0ARQBSAC0AMQA5ADkANQAtAFAAbABhAG4AdAAsAF8AQwBlAGwAbABfACYAXwBFAG4AdgBpAHIAbwBuAG0AZQBuAHQALgBwAGQAZgAPABoADABNAGEAYwBpAG4AdABvAHMAaAAgAEgARAASAF5Vc2Vycy9kYW5pZWxidW9uYWl1dG8vRGVza3RvcC9IYXJ2YXJkLzI3OC9wbGFzdGljaXR5L0tSQU1FUi0xOTk1LVBsYW50LF9DZWxsXyZfRW52aXJvbm1lbnQucGRmABMAAS8AABUAAgAW//8AAIAG0hscHR5aJGNsYXNzbmFtZVgkY2xhc3Nlc11OU011dGFibGVEYXRhox0fIFZOU0RhdGFYTlNPYmplY3TSGxwiI1xOU0RpY3Rpb25hcnmiIiBfEA9OU0tleWVkQXJjaGl2ZXLRJidUcm9vdIABAAgAEQAaACMALQAyADcAQABGAE0AVQBgAGcAagBsAG4AcQBzAHUAdwCEAI4A5QDqAPIDIgMkAykDNAM9A0sDTwNWA18DZANxA3QDhgOJA44AAAAAAAACAQAAAAAAAAAoAAAAAAAAAAAAAAAAAAADkA==}}

@article{Franco2004,
	Author = {Franco, Miguel and Silvertown, Jonathan},
	Date-Added = {2018-01-17 15:19:14 +0000},
	Date-Modified = {2018-01-17 15:19:28 +0000},
	Doi = {10.1890/02-0651},
	Isbn = {1939-9170},
	Journal = {Ecology},
	Keywords = {age at first reproduction; damping ratio; demographic triangle; elasticity analysis; finite rate of increase; generation time; longevity; net reproductive rate; perennial plants; period of oscillation; population projection matrix},
	Number = {2},
	Pages = {531--538},
	Publisher = {Ecological Society of America},
	Title = {A COMPARATIVE DEMOGRAPHY OF PLANTS BASED UPON ELASTICITIES OF VITAL RATES},
	Ty = {JOUR},
	Url = {http://dx.doi.org/10.1890/02-0651},
	Volume = {85},
	Year = {2004},
	Year1 = {2004/02/01},
	Bdsk-Url-1 = {http://dx.doi.org/10.1890/02-0651}}

@article{Giurfa1997,
	Annote = {doi: 10.1080/07929978.1997.10676679},
	Author = {Giurfa, Martin and Vorobyev, Misha},
	Booktitle = {Israel Journal of Plant Sciences},
	Da = {1997/01/01},
	Date = {1997/01/01},
	Date-Added = {2018-01-11 13:48:20 +0000},
	Date-Modified = {2018-01-11 13:48:37 +0000},
	Doi = {10.1080/07929978.1997.10676679},
	Isbn = {0792-9978},
	Journal = {Israel Journal of Plant Sciences},
	Journal1 = {Israel Journal of Plant Sciences},
	M3 = {doi: 10.1080/07929978.1997.10676679},
	Month = {01},
	Number = {2-3},
	Pages = {129--140},
	Publisher = {Taylor \& Francis},
	Title = {THE DETECTION AND RECOGNITION OF COLOR STIMULI BY HONEYBEES: PERFORMANCE AND MECHANISMS},
	Ty = {JOUR},
	Url = {https://doi.org/10.1080/07929978.1997.10676679},
	Volume = {45},
	Year = {1997},
	Year1 = {1997},
	Bdsk-Url-1 = {https://doi.org/10.1080/07929978.1997.10676679},
	Bdsk-Url-2 = {http://dx.doi.org/10.1080/07929978.1997.10676679}}

@article{Guantilleke1984,
	Date-Added = {2018-01-11 13:37:41 +0000},
	Date-Modified = {2018-01-29 20:00:46 +0000},
	Title = {Cornus},
	Year = {1984},
	Bdsk-File-1 = {YnBsaXN0MDDUAQIDBAUGJCVYJHZlcnNpb25YJG9iamVjdHNZJGFyY2hpdmVyVCR0b3ASAAGGoKgHCBMUFRYaIVUkbnVsbNMJCgsMDxJXTlMua2V5c1pOUy5vYmplY3RzViRjbGFzc6INDoACgAOiEBGABIAFgAdccmVsYXRpdmVQYXRoWWFsaWFzRGF0YV8QhC4uLy4uLy4uLy4uL0Rlc2t0b3AvSGFydmFyZC9Qcm9qZWN0cy9Db3JudXMvU09NRSBPQlNFUlZBVElPTlMgT04gVEhFIFJFUFJPRFVDVElWRSBCSU9MT0dZIE9GIFRIUkVFIFNQRUNJRVMgT0YgQ09STlVTIChDT1JOQUNFQUUpLnBkZtIXCxgZV05TLmRhdGFPEQK2AAAAAAK2AAIAAAxNYWNpbnRvc2ggSEQAAAAAAAAAAAAAAAAAAADKQLGsSCsAAANrc3MfU09NRSBPQlNFUlZBVElPTlMgTyMzNjk2OEY5LnBkZgAAAAAAAAAAAAAAAAAAAAAAAAAAAAAAAAAAAAAAAAAAA2lo+dUBzt8AAAAAAAAAAAAEAAUAAAkgAAAAAAAAAAAAAAAAAAAABkNvcm51cwAQAAgAAMpA6ewAAAARAAgAANUCBx8AAAABABgDa3NzAz5hjgM+CTEABQL1AAUCVwAAvuwAAgBoTWFjaW50b3NoIEhEOlVzZXJzOgBkYW5pZWxidW9uYWl1dG86AERlc2t0b3A6AEhhcnZhcmQ6AFByb2plY3RzOgBDb3JudXM6AFNPTUUgT0JTRVJWQVRJT05TIE8jMzY5NjhGOS5wZGYADgCyAFgAUwBPAE0ARQAgAE8AQgBTAEUAUgBWAEEAVABJAE8ATgBTACAATwBOACAAVABIAEUAIABSAEUAUABSAE8ARABVAEMAVABJAFYARQAgAEIASQBPAEwATwBHAFkAIABPAEYAIABUAEgAUgBFAEUAIABTAFAARQBDAEkARQBTACAATwBGACAAQwBPAFIATgBVAFMAIAAoAEMATwBSAE4AQQBDAEUAQQBFACkALgBwAGQAZgAPABoADABNAGEAYwBpAG4AdABvAHMAaAAgAEgARAASAI5Vc2Vycy9kYW5pZWxidW9uYWl1dG8vRGVza3RvcC9IYXJ2YXJkL1Byb2plY3RzL0Nvcm51cy9TT01FIE9CU0VSVkFUSU9OUyBPTiBUSEUgUkVQUk9EVUNUSVZFIEJJT0xPR1kgT0YgVEhSRUUgU1BFQ0lFUyBPRiBDT1JOVVMgKENPUk5BQ0VBRSkucGRmABMAAS8AABUAAgAW//8AAIAG0hscHR5aJGNsYXNzbmFtZVgkY2xhc3Nlc11OU011dGFibGVEYXRhox0fIFZOU0RhdGFYTlNPYmplY3TSGxwiI1xOU0RpY3Rpb25hcnmiIiBfEA9OU0tleWVkQXJjaGl2ZXLRJidUcm9vdIABAAgAEQAaACMALQAyADcAQABGAE0AVQBgAGcAagBsAG4AcQBzAHUAdwCEAI4BFQEaASID3APeA+MD7gP3BAUECQQQBBkEHgQrBC4EQARDBEgAAAAAAAACAQAAAAAAAAAoAAAAAAAAAAAAAAAAAAAESg==}}

@article{Pharis1965,
	Annote = {doi: 10.1139/b65-102},
	Author = {Pharis, Richard P. and Ruddat, Manfred D. E. and Phillips, Cornell C. and Heftmann, Erich},
	Booktitle = {Canadian Journal of Botany},
	Da = {1965/08/01},
	Date = {1965/08/01},
	Date-Added = {2018-01-11 13:21:42 +0000},
	Date-Modified = {2018-01-11 13:21:54 +0000},
	Doi = {10.1139/b65-102},
	Isbn = {0008-4026},
	Journal = {Canadian Journal of Botany},
	Journal1 = {Can. J. Bot.},
	M3 = {doi: 10.1139/b65-102},
	Month = {2018/01/11},
	Number = {8},
	Pages = {923--927},
	Publisher = {NRC Research Press},
	Title = {PRECOCIOUS FLOWERING OF ARIZONA CYPRESS WITH GIBBERELLIN},
	Ty = {JOUR},
	Url = {https://doi.org/10.1139/b65-102},
	Volume = {43},
	Year = {1965},
	Year1 = {1965},
	Bdsk-Url-1 = {https://doi.org/10.1139/b65-102},
	Bdsk-Url-2 = {http://dx.doi.org/10.1139/b65-102}}

@article{Seleznyova2008,
	Annote = {10.1093/aob/mcn007},
	Author = {Seleznyova, Alla N. and Tustin, D. Stuart and Thorp, T. Grant},
	Date = {2008/04/01},
	Date-Added = {2018-01-11 13:17:38 +0000},
	Date-Modified = {2018-01-11 13:17:47 +0000},
	Isbn = {0305-7364},
	Journal = {Annals of Botany},
	M3 = {doi: 10.1093/aob/mcn007},
	Month = {04},
	N2 = {Background and AimsPrecocious flowering in apple trees is often associated with a smaller tree size. The hypothesis was tested that floral evocation in axillary buds, induced by dwarfing rootstocks, reduces the vigour of annual shoots developing from these buds compared with shoots developing from vegetative buds.MethodsThe experimental system provided a wide range of possible tree vigour using `Royal Gala'scions and M.9 (dwarfing) and MM.106 (non-dwarfing) as rootstocks and interstocks. Second-year annual shoots were divided into growth units corresponding to periods (flushes) of growth namely, vegetative spur, extension growth unit, uninterrupted growth unit, floral growth unit (bourse) and extended bourse. The differences between the floral and vegetative shoots were quantified by the constituent growth units produced.Key ResultsThe dwarfing influence was expressed, firstly, in reduced proportions of shoots that contained at least one extension growth unit and secondly, in reduced proportions of bicyclic shoots (containing two extension growth units) and shoots with an uninterrupted growth unit. In treatments where floral shoots were present, they were markedly less vigorous than vegetative shoots with respect to both measures. In treatments with M.9 rootstock, vegetative and floral shoots produced on average 0Â·52 and 0Â·17 extension growth units, compared with 0Â·77 extension growth units per shoot in the MM.106 rootstock treatment. Remarkably, the number of nodes per extension growth unit was not affected by the rootstock/interstock treatments.ConclusionsThese results showed that rootstocks/interstocks affect the type of growth units produced during the annual growth cycle, reducing the number of extension growth units, thus affecting the composition and vigour of annual shoots. This effect is particularly amplified by the transition to flowering induced by dwarfing rootstocks. The division of annual shoot into growth units will also be useful for measuring and modelling effects of age on apple tree architecture.},
	Number = {5},
	Pages = {679--687},
	Title = {Apple Dwarfing Rootstocks and Interstocks Affect the Type of Growth Units Produced during the Annual Growth Cycle: Precocious Transition to Flowering Affects the Composition and Vigour of Annual Shoots},
	Ty = {JOUR},
	Url = {http://dx.doi.org/10.1093/aob/mcn007},
	Volume = {101},
	Year = {2008},
	Bdsk-Url-1 = {http://dx.doi.org/10.1093/aob/mcn007}}

@article{Robertson1895,
	Author = {Robertson, Charles},
	Booktitle = {The American Naturalist},
	C1 = {Full publication date: Feb., 1895},
	Date-Added = {2018-01-11 13:03:08 +0000},
	Date-Modified = {2018-01-11 13:03:15 +0000},
	Isbn = {00030147, 15375323},
	Number = {338},
	Pages = {97--117},
	Publisher = {{$[$}University of Chicago Press, American Society of Naturalists{$]$}},
	Title = {The Philosophy of Flower Seasons, and the Phaenological Relations of the Entomophilous Flora and the Anthophilous Insect Fauna},
	Ty = {JOUR},
	Url = {http://www.jstor.org.ezp-prod1.hul.harvard.edu/stable/2452534},
	Volume = {29},
	Year = {1895},
	Bdsk-Url-1 = {http://www.jstor.org.ezp-prod1.hul.harvard.edu/stable/2452534}}

@article{Raftery2017,
	Author = {Raftery, Adrian E. and Zimmer, Alec and Frierson, Dargan M. W. and Startz, Richard and Liu, Peiran},
	Date = {2017/07/31/online},
	Date-Added = {2018-01-11 12:56:52 +0000},
	Date-Modified = {2018-01-11 12:57:04 +0000},
	Day = {31},
	Journal = {Nature Climate Change},
	L3 = {10.1038/nclimate3352; https://www.nature.com/articles/nclimate3352#supplementary-information},
	Month = {07},
	Pages = {637 EP -},
	Publisher = {Nature Publishing Group SN -},
	Title = {Less than 2 $\,^{\circ}$C warming by 2100 unlikely},
	Ty = {JOUR},
	Url = {http://dx.doi.org/10.1038/nclimate3352},
	Volume = {7},
	Year = {2017},
	Bdsk-Url-1 = {http://dx.doi.org/10.1038/nclimate3352}}

@article{Lechowicz1995,
	Annote = {doi: 10.1139/b95-021},
	Author = {Lechowicz, Martin J.},
	Booktitle = {Canadian Journal of Botany},
	Da = {1995/02/01},
	Date = {1995/02/01},
	Date-Added = {2018-01-11 12:52:00 +0000},
	Date-Modified = {2018-01-11 12:52:14 +0000},
	Doi = {10.1139/b95-021},
	Isbn = {0008-4026},
	Journal = {Canadian Journal of Botany},
	Journal1 = {Can. J. Bot.},
	M3 = {doi: 10.1139/b95-021},
	Month = {2018/01/11},
	Number = {2},
	Pages = {175--182},
	Publisher = {NRC Research Press},
	Title = {Seasonality of flowering and fruiting in temperate forest trees},
	Ty = {JOUR},
	Url = {https://doi.org/10.1139/b95-021},
	Volume = {73},
	Year = {1995},
	Year1 = {1995},
	Bdsk-Url-1 = {https://doi.org/10.1139/b95-021},
	Bdsk-Url-2 = {http://dx.doi.org/10.1139/b95-021}}

@article{Menzel2006,
	Author = {Menzel, Annette and Sparks, Tim H. and Estrella, Nicole and Koch, Elisabeth and AASA, ANTO and AHAS, REIN and ALM-K{\"U}BLER, KERSTIN and BISSOLLI, PETER and BRASLAVSK{\'A}, OL'GA and BRIEDE, AGRITA and et al.},
	Date-Added = {2018-01-11 12:50:16 +0000},
	Date-Modified = {2018-01-11 12:50:16 +0000},
	Doi = {10.1111/j.1365-2486.2006.01193.x},
	Issn = {1365-2486},
	Journal = {Global Change Biology},
	Month = {Oct},
	Number = {10},
	Pages = {1969--1976},
	Publisher = {Wiley-Blackwell},
	Title = {European phenological response to climate change matches the warming pattern},
	Url = {http://dx.doi.org/10.1111/j.1365-2486.2006.01193.x},
	Volume = {12},
	Year = {2006},
	Bdsk-File-1 = {YnBsaXN0MDDUAQIDBAUGJCVYJHZlcnNpb25YJG9iamVjdHNZJGFyY2hpdmVyVCR0b3ASAAGGoKgHCBMUFRYaIVUkbnVsbNMJCgsMDxJXTlMua2V5c1pOUy5vYmplY3RzViRjbGFzc6INDoACgAOiEBGABIAFgAdccmVsYXRpdmVQYXRoWWFsaWFzRGF0YV8QQS4uLy4uLy4uLy4uL0Rvd25sb2Fkcy9NRU5aRUxfZXRfYWwtMjAwNi1HbG9iYWxfQ2hhbmdlX0Jpb2xvZ3kucGRm0hcLGBlXTlMuZGF0YU8RAfoAAAAAAfoAAgAADE1hY2ludG9zaCBIRAAAAAAAAAAAAAAAAAAAAMpAsaxIKwAAAAUCoR9NRU5aRUxfZXRfYWwtMjAwNi1HIzM2QTY0NUUucGRmAAAAAAAAAAAAAAAAAAAAAAAAAAAAAAAAAAAAAAAAAAADamRe1Q/ouwAAAAAAAAAAAAQAAgAACSAAAAAAAAAAAAAAAAAAAAAJRG93bmxvYWRzAAAQAAgAAMpA6ewAAAARAAgAANUQIPsAAAABAAwABQKhAAUCVwAAvuwAAgBPTWFjaW50b3NoIEhEOlVzZXJzOgBkYW5pZWxidW9uYWl1dG86AERvd25sb2FkczoATUVOWkVMX2V0X2FsLTIwMDYtRyMzNkE2NDVFLnBkZgAADgBYACsATQBFAE4AWgBFAEwAXwBlAHQAXwBhAGwALQAyADAAMAA2AC0ARwBsAG8AYgBhAGwAXwBDAGgAYQBuAGcAZQBfAEIAaQBvAGwAbwBnAHkALgBwAGQAZgAPABoADABNAGEAYwBpAG4AdABvAHMAaAAgAEgARAASAEtVc2Vycy9kYW5pZWxidW9uYWl1dG8vRG93bmxvYWRzL01FTlpFTF9ldF9hbC0yMDA2LUdsb2JhbF9DaGFuZ2VfQmlvbG9neS5wZGYAABMAAS8AABUAAgAW//8AAIAG0hscHR5aJGNsYXNzbmFtZVgkY2xhc3Nlc11OU011dGFibGVEYXRhox0fIFZOU0RhdGFYTlNPYmplY3TSGxwiI1xOU0RpY3Rpb25hcnmiIiBfEA9OU0tleWVkQXJjaGl2ZXLRJidUcm9vdIABAAgAEQAaACMALQAyADcAQABGAE0AVQBgAGcAagBsAG4AcQBzAHUAdwCEAI4A0gDXAN8C3QLfAuQC7wL4AwYDCgMRAxoDHwMsAy8DQQNEA0kAAAAAAAACAQAAAAAAAAAoAAAAAAAAAAAAAAAAAAADSw==},
	Bdsk-File-2 = {YnBsaXN0MDDUAQIDBAUGJCVYJHZlcnNpb25YJG9iamVjdHNZJGFyY2hpdmVyVCR0b3ASAAGGoKgHCBMUFRYaIVUkbnVsbNMJCgsMDxJXTlMua2V5c1pOUy5vYmplY3RzViRjbGFzc6INDoACgAOiEBGABIAFgAdccmVsYXRpdmVQYXRoWWFsaWFzRGF0YV8QKC4uLy4uLy4uLy4uL0Rvd25sb2Fkcy9ucmNfY2piMTczXzE3NS5yaXPSFwsYGVdOUy5kYXRhTxEBoAAAAAABoAACAAAMTWFjaW50b3NoIEhEAAAAAAAAAAAAAAAAAAAAykCxrEgrAAAABQKhEm5yY19jamIxNzNfMTc1LnJpcwAAAAAAAAAAAAAAAAAAAAAAAAAAAAAAAAAAAAAAAAAAAAAAAAAAAAAAAAAAAAOcx/PWfMgFAAAAAAAAAAAABAACAAAJIAAAAAAAAAAAAAAAAAAAAAlEb3dubG9hZHMAABAACAAAykDp7AAAABEACAAA1n0OVQAAAAEADAAFAqEABQJXAAC+7AACAEJNYWNpbnRvc2ggSEQ6VXNlcnM6AGRhbmllbGJ1b25haXV0bzoARG93bmxvYWRzOgBucmNfY2piMTczXzE3NS5yaXMADgAmABIAbgByAGMAXwBjAGoAYgAxADcAMwBfADEANwA1AC4AcgBpAHMADwAaAAwATQBhAGMAaQBuAHQAbwBzAGgAIABIAEQAEgAyVXNlcnMvZGFuaWVsYnVvbmFpdXRvL0Rvd25sb2Fkcy9ucmNfY2piMTczXzE3NS5yaXMAEwABLwAAFQACABb//wAAgAbSGxwdHlokY2xhc3NuYW1lWCRjbGFzc2VzXU5TTXV0YWJsZURhdGGjHR8gVk5TRGF0YVhOU09iamVjdNIbHCIjXE5TRGljdGlvbmFyeaIiIF8QD05TS2V5ZWRBcmNoaXZlctEmJ1Ryb290gAEACAARABoAIwAtADIANwBAAEYATQBVAGAAZwBqAGwAbgBxAHMAdQB3AIQAjgC5AL4AxgJqAmwCcQJ8AoUCkwKXAp4CpwKsArkCvALOAtEC1gAAAAAAAAIBAAAAAAAAACgAAAAAAAAAAAAAAAAAAALY}}

@article{Forrest2010,
	Author = {Forrest, J. and Miller-Rushing, A. J.},
	Date-Added = {2018-01-11 12:49:24 +0000},
	Date-Modified = {2018-01-11 12:49:24 +0000},
	Doi = {10.1098/rstb.2010.0145},
	Issn = {1471-2970},
	Journal = {Philosophical Transactions of the Royal Society B: Biological Sciences},
	Month = {Sep},
	Number = {1555},
	Pages = {3101--3112},
	Publisher = {The Royal Society},
	Title = {Toward a synthetic understanding of the role of phenology in ecology and evolution},
	Url = {http://dx.doi.org/10.1098/rstb.2010.0145},
	Volume = {365},
	Year = {2010},
	Bdsk-File-1 = {YnBsaXN0MDDUAQIDBAUGJCVYJHZlcnNpb25YJG9iamVjdHNZJGFyY2hpdmVyVCR0b3ASAAGGoKgHCBMUFRYaIVUkbnVsbNMJCgsMDxJXTlMua2V5c1pOUy5vYmplY3RzViRjbGFzc6INDoACgAOiEBGABIAFgAdccmVsYXRpdmVQYXRoWWFsaWFzRGF0YV8QKy4uLy4uLy4uLy4uL0Rlc2t0b3AvSGFydmFyZC8yNzgvRm9ycmVzdC5wZGbSFwsYGVdOUy5kYXRhTxEBngAAAAABngACAAAMTWFjaW50b3NoIEhEAAAAAAAAAAAAAAAAAAAAykCxrEgrAAADakLCC0ZvcnJlc3QucGRmAAAAAAAAAAAAAAAAAAAAAAAAAAAAAAAAAAAAAAAAAAAAAAAAAAAAAAAAAAAAAAAAAAAAAANqZKTVD+mIAAAAAAAAAAAABAAEAAAJIAAAAAAAAAAAAAAAAAAAAAMyNzgAABAACAAAykDp7AAAABEACAAA1RAhyAAAAAEAFANqQsIDPgkxAAUC9QAFAlcAAL7sAAIAR01hY2ludG9zaCBIRDpVc2VyczoAZGFuaWVsYnVvbmFpdXRvOgBEZXNrdG9wOgBIYXJ2YXJkOgAyNzg6AEZvcnJlc3QucGRmAAAOABgACwBGAG8AcgByAGUAcwB0AC4AcABkAGYADwAaAAwATQBhAGMAaQBuAHQAbwBzAGgAIABIAEQAEgA1VXNlcnMvZGFuaWVsYnVvbmFpdXRvL0Rlc2t0b3AvSGFydmFyZC8yNzgvRm9ycmVzdC5wZGYAABMAAS8AABUAAgAW//8AAIAG0hscHR5aJGNsYXNzbmFtZVgkY2xhc3Nlc11OU011dGFibGVEYXRhox0fIFZOU0RhdGFYTlNPYmplY3TSGxwiI1xOU0RpY3Rpb25hcnmiIiBfEA9OU0tleWVkQXJjaGl2ZXLRJidUcm9vdIABAAgAEQAaACMALQAyADcAQABGAE0AVQBgAGcAagBsAG4AcQBzAHUAdwCEAI4AvADBAMkCawJtAnICfQKGApQCmAKfAqgCrQK6Ar0CzwLSAtcAAAAAAAACAQAAAAAAAAAoAAAAAAAAAAAAAAAAAAAC2Q==}}

@article{Friedman2009,
	Annote = {10.1093/aob/mcp035},
	Author = {Friedman, Jannice and Barrett, Spencer C. H.},
	Date = {2009/06/01},
	Date-Added = {2018-01-09 23:05:49 +0000},
	Date-Modified = {2018-01-09 23:05:57 +0000},
	Isbn = {0305-7364},
	Journal = {Annals of Botany},
	M3 = {doi: 10.1093/aob/mcp035},
	Month = {06},
	N2 = {BackgroundThe rich literature that characterizes the field of pollination biology has focused largely on animal-pollinated plants. At least 10 {\%} of angiosperms are wind pollinated, and this mode of pollination has evolved on multiple occasions among unrelated lineages, and hence this discrepancy in research interest is surprising. Here, the evolution and functional ecology of pollination and mating in wind-pollinated plants are discussed, a theoretical framework for modelling the selection of wind pollination is outlined, and pollen capture and the occurrence of pollen limitation in diverse wind-pollinated herbs are investigated experimentally.Scope and ConclusionsWind pollination may commonly evolve to provide reproductive assurance when pollinators are scarce. Evidence is presented that pollen limitation in wind-pollinated plants may not be as common as it is in animal-pollinated species. The studies of pollen capture in wind-pollinated herbs demonstrate that pollen transfer efficiency is not substantially lower than in animal-pollinated plants as is often assumed. These findings challenge the explanation that the evolution of few ovules in wind-pollinated flowers is associated with low pollen loads. Floral and inflorescence architecture is crucial to pollination and mating because of the aerodynamics of wind pollination. Evidence is provided for the importance of plant height, floral position, and stamen and stigma characteristics in promoting effective pollen dispersal and capture. Finally, it is proposed that geitonogamous selfing may alleviate pollen limitation in many wind-pollinated plants with unisexual flowers.},
	Number = {9},
	Pages = {1515--1527},
	Title = {Wind of change: new insights on the ecology and evolution of pollination and mating in wind-pollinated plants},
	Ty = {JOUR},
	Url = {http://dx.doi.org/10.1093/aob/mcp035},
	Volume = {103},
	Year = {2009},
	Bdsk-Url-1 = {http://dx.doi.org/10.1093/aob/mcp035}}

@article{Zanne2013,
	Author = {Zanne, Amy E. and Tank, David C. and Cornwell, William K. and Eastman, Jonathan M. and Smith, Stephen A. and FitzJohn, Richard G. and McGlinn, Daniel J. and O'Meara, Brian C. and Moles, Angela T. and Reich, Peter B. and et al.},
	Date-Added = {2018-01-09 22:34:50 +0000},
	Date-Modified = {2018-01-09 22:34:56 +0000},
	Doi = {10.1038/nature12872},
	Issn = {1476-4687},
	Journal = {Nature},
	Month = {Dec},
	Number = {7486},
	Pages = {89--92},
	Publisher = {Springer Nature},
	Title = {Three keys to the radiation of angiosperms into freezing environments},
	Url = {http://dx.doi.org/10.1038/nature12872},
	Volume = {506},
	Year = {2013},
	Bdsk-File-1 = {YnBsaXN0MDDUAQIDBAUGJCVYJHZlcnNpb25YJG9iamVjdHNZJGFyY2hpdmVyVCR0b3ASAAGGoKgHCBMUFRYaIVUkbnVsbNMJCgsMDxJXTlMua2V5c1pOUy5vYmplY3RzViRjbGFzc6INDoACgAOiEBGABIAFgAdccmVsYXRpdmVQYXRoWWFsaWFzRGF0YV8QIy4uLy4uLy4uLy4uL0Rlc2t0b3AvbmF0dXJlMTI4NzIucGRm0hcLGBlXTlMuZGF0YU8RAZAAAAAAAZAAAgAADE1hY2ludG9zaCBIRAAAAAAAAAAAAAAAAAAAAMpAsaxIKwAAAAUC9Q9uYXR1cmUxMjg3Mi5wZGYAAAAAAAAAAAAAAAAAAAAAAAAAAAAAAAAAAAAAAAAAAAAAAAAAAAAAAAAAAAAAAAADnEu21nqtlQAAAAAAAAAAAAQAAgAACSAAAAAAAAAAAAAAAAAAAAAHRGVza3RvcAAAEAAIAADKQOnsAAAAEQAIAADWevPlAAAAAQAMAAUC9QAFAlcAAL7sAAIAPU1hY2ludG9zaCBIRDpVc2VyczoAZGFuaWVsYnVvbmFpdXRvOgBEZXNrdG9wOgBuYXR1cmUxMjg3Mi5wZGYAAA4AIAAPAG4AYQB0AHUAcgBlADEAMgA4ADcAMgAuAHAAZABmAA8AGgAMAE0AYQBjAGkAbgB0AG8AcwBoACAASABEABIALVVzZXJzL2RhbmllbGJ1b25haXV0by9EZXNrdG9wL25hdHVyZTEyODcyLnBkZgAAEwABLwAAFQACABb//wAAgAbSGxwdHlokY2xhc3NuYW1lWCRjbGFzc2VzXU5TTXV0YWJsZURhdGGjHR8gVk5TRGF0YVhOU09iamVjdNIbHCIjXE5TRGljdGlvbmFyeaIiIF8QD05TS2V5ZWRBcmNoaXZlctEmJ1Ryb290gAEACAARABoAIwAtADIANwBAAEYATQBVAGAAZwBqAGwAbgBxAHMAdQB3AIQAjgC0ALkAwQJVAlcCXAJnAnACfgKCAokCkgKXAqQCpwK5ArwCwQAAAAAAAAIBAAAAAAAAACgAAAAAAAAAAAAAAAAAAALD}}

@book{Barnes2016,
	Author = {Burton V. Barnes, Christopher W. Dick, Melanie E. Gunn},
	Date-Added = {2018-01-09 22:22:50 +0000},
	Date-Modified = {2018-01-29 18:15:29 +0000},
	Publisher = {University of Michigan Press},
	Title = {Michgan Shrubs & Vines: A guide to species of the Great Lakes Region},
	Year = {2016}}

@book{Barnes2004,
	Author = {Barnes, Burton V, and Wagner, Warren H. JR.,},
	Date-Added = {2018-01-09 22:20:38 +0000},
	Date-Modified = {2018-01-09 22:21:59 +0000},
	Publisher = {University of Michigan Press},
	Title = {Michigan Trees: A guide to the Trees of the Great Lakes Region},
	Year = {1981,2004}}

@article{Finn2007,
	Author = {Finn, G. A. and Straszewski, A. E. and Peterson, V.},
	Date-Added = {2018-01-09 22:08:57 +0000},
	Date-Modified = {2018-01-09 22:09:04 +0000},
	Doi = {10.1111/j.1744-7348.2007.00159.x},
	Isbn = {1744-7348},
	Journal = {Annals of Applied Biology},
	Keywords = {BBCH scale; leaf bearing; needle bearing; phenology},
	Number = {1},
	Pages = {127--131},
	Publisher = {Blackwell Publishing Ltd},
	Title = {A general growth stage key for describing trees and woody plants},
	Ty = {JOUR},
	Url = {http://dx.doi.org/10.1111/j.1744-7348.2007.00159.x},
	Volume = {151},
	Year = {2007},
	Year1 = {2007/08/01},
	Bdsk-Url-1 = {http://dx.doi.org/10.1111/j.1744-7348.2007.00159.x}}

@article{Janzen1967,
	Author = {Janzen, Daniel H.},
	Booktitle = {Evolution},
	C1 = {Full publication date: Sep., 1967},
	Date-Added = {2018-01-09 22:00:58 +0000},
	Date-Modified = {2018-01-09 22:01:05 +0000},
	Doi = {10.2307/2406621},
	Isbn = {00143820, 15585646},
	Number = {3},
	Pages = {620--637},
	Publisher = {{$[$}Society for the Study of Evolution, Wiley{$]$}},
	Title = {Synchronization of Sexual Reproduction of Trees Within the Dry Season in Central America},
	Ty = {JOUR},
	Url = {http://www.jstor.org.ezp-prod1.hul.harvard.edu/stable/2406621},
	Volume = {21},
	Year = {1967},
	Bdsk-File-1 = {YnBsaXN0MDDUAQIDBAUGJCVYJHZlcnNpb25YJG9iamVjdHNZJGFyY2hpdmVyVCR0b3ASAAGGoKgHCBMUFRYaIVUkbnVsbNMJCgsMDxJXTlMua2V5c1pOUy5vYmplY3RzViRjbGFzc6INDoACgAOiEBGABIAFgAdccmVsYXRpdmVQYXRoWWFsaWFzRGF0YV8QKy4uLy4uLy4uLy4uL0Rvd25sb2Fkcy9TMDE2ODE5MjMxMjAwMjAwNi5yaXPSFwsYGVdOUy5kYXRhTxEBeAAAAAABeAACAAAMTWFjaW50b3NoIEhEAAAAAAAAAAAAAAAAAAAAAAAAAEJEAAH/////FVMwMTY4MTkyMzEyMDAyMDA2LnJpcwAAAAAAAAAAAAAAAAAAAAAAAAAAAAAAAAAAAAAAAAAAAAAAAAAAAAAAAP////8AAAAAAAAAAAAAAAAABAACAAAKIGN1AAAAAAAAAAAAAAAAAAlEb3dubG9hZHMAAAIANy86VXNlcnM6ZGFuaWVsYnVvbmFpdXRvOkRvd25sb2FkczpTMDE2ODE5MjMxMjAwMjAwNi5yaXMAAA4ALAAVAFMAMAAxADYAOAAxADkAMgAzADEAMgAwADAAMgAwADAANgAuAHIAaQBzAA8AGgAMAE0AYQBjAGkAbgB0AG8AcwBoACAASABEABIANVVzZXJzL2RhbmllbGJ1b25haXV0by9Eb3dubG9hZHMvUzAxNjgxOTIzMTIwMDIwMDYucmlzAAATAAEvAAAVAAIAFv//AACABtIbHB0eWiRjbGFzc25hbWVYJGNsYXNzZXNdTlNNdXRhYmxlRGF0YaMdHyBWTlNEYXRhWE5TT2JqZWN00hscIiNcTlNEaWN0aW9uYXJ5oiIgXxAPTlNLZXllZEFyY2hpdmVy0SYnVHJvb3SAAQAIABEAGgAjAC0AMgA3AEAARgBNAFUAYABnAGoAbABuAHEAcwB1AHcAhACOALwAwQDJAkUCRwJMAlcCYAJuAnICeQKCAocClAKXAqkCrAKxAAAAAAAAAgEAAAAAAAAAKAAAAAAAAAAAAAAAAAAAArM=},
	Bdsk-Url-1 = {http://www.jstor.org.ezp-prod1.hul.harvard.edu/stable/2406621},
	Bdsk-Url-2 = {http://dx.doi.org/10.2307/2406621}}

@article{Bogdziewicz2017,
	Author = {Bogdziewicz, Micha{\l} and Szymkowiak, Jakub and Kasprzyk, Idalia and Grewling, {\L}ukasz and Borowski, Zbigniew and Borycka, Katarzyna and Kantorowicz, W{\l}adys{\l}aw and Myszkowska, Dorota and Piotrowicz, Katarzyna and Ziemianin, Monika and Pesendorfer, Mario B.},
	Date-Added = {2018-01-09 21:56:12 +0000},
	Date-Modified = {2018-01-09 21:56:23 +0000},
	Doi = {10.1002/ecy.1951},
	Isbn = {1939-9170},
	Journal = {Ecology},
	Journal1 = {Ecology},
	Keywords = {Fagus sylvatica; flowering masting; fruiting masting; mast seeding; phenological synchrony; pollen coupling; pollination Moran effect; Quercus petraea; Quercus robur; seed production},
	Number = {10},
	Pages = {2615--2625},
	Title = {Masting in wind-pollinated trees: system-specific roles of weather and pollination dynamics in driving seed production},
	Ty = {JOUR},
	Url = {http://dx.doi.org/10.1002/ecy.1951},
	Volume = {98},
	Year = {2017},
	Year1 = {2017/10/01},
	Bdsk-Url-1 = {http://dx.doi.org/10.1002/ecy.1951}}

@article{Koenig2015,
	Author = {Koenig, Walter D. and Knops, Johannes M. H. and Carmen, William J. and Pearse, Ian S.},
	Date-Added = {2018-01-09 21:53:47 +0000},
	Date-Modified = {2018-01-09 21:53:56 +0000},
	Doi = {10.1890/14-0819.1},
	Isbn = {1939-9170},
	Journal = {Ecology},
	Keywords = {Hastings Natural History Reservation, coastal California, USA; mast fruiting; masting; phenological synchrony; phenology; pollen limitation; Quercus lobata; valley oak},
	Number = {1},
	Pages = {184--192},
	Publisher = {Ecological Society of America},
	Title = {What drives masting? The phenological synchrony hypothesis},
	Ty = {JOUR},
	Url = {http://dx.doi.org/10.1890/14-0819.1},
	Volume = {96},
	Year = {2015},
	Year1 = {2015/01/01},
	Bdsk-Url-1 = {http://dx.doi.org/10.1890/14-0819.1}}

@article{Koenig2012,
	Author = {Koenig, Walter D. and Funk, Kyle A. and Kraft, Thomas S. and Carmen, William J. and Barringer, Brian C. and Knops, Johannes M. H.},
	Date-Added = {2018-01-09 21:48:20 +0000},
	Date-Modified = {2018-01-09 21:48:27 +0000},
	Doi = {10.1111/j.1365-2745.2011.01941.x},
	Isbn = {1365-2745},
	Journal = {Journal of Ecology},
	Keywords = {acorn production; herbivory; mast-fruiting; phenology; pollen limitation; Quercus lobata; reproductive ecology; wind-pollination},
	Number = {3},
	Pages = {758--763},
	Publisher = {Blackwell Publishing Ltd},
	Title = {Stabilizing selection for within-season flowering phenology confirms pollen limitation in a wind-pollinated tree},
	Ty = {JOUR},
	Url = {http://dx.doi.org/10.1111/j.1365-2745.2011.01941.x},
	Volume = {100},
	Year = {2012},
	Year1 = {2012/05/01},
	Bdsk-Url-1 = {http://dx.doi.org/10.1111/j.1365-2745.2011.01941.x}}

@article{Koenig2003,
	Author = {Koenig, Walter D. and Ashley, Mary V.},
	Da = {2003/04/01/},
	Date-Added = {2018-01-09 21:05:51 +0000},
	Date-Modified = {2018-01-09 21:14:11 +0000},
	Doi = {https://doi.org/10.1016/S0169-5347(03)00034-X},
	Isbn = {0169-5347},
	Journal = {Trends in Ecology \& Evolution},
	Number = {4},
	Pages = {157--159},
	Title = {Is pollen limited? The answer is blowin' in the wind},
	Ty = {JOUR},
	Url = {http://www.sciencedirect.com/science/article/pii/S016953470300034X},
	Volume = {18},
	Year = {2003},
	Bdsk-Url-1 = {http://www.sciencedirect.com/science/article/pii/S016953470300034X},
	Bdsk-Url-2 = {https://doi.org/10.1016/S0169-5347(03)00034-X}}

@article{Niklas1985,
	Abstract = {A number of morphologic features have evolved in evolutionarily divergent plant groups that appear to increase the efficiency of wind pollination. Among these features are the appearance of low density pollen grains, female ovulate organs that direct air currents carrying pollen toward stigmas or micropyles, and population structures with a high density of con-specifics. This paper reviews the aerodynamic theory, and the experimental and field data that are relevant to an understanding of the adaptive significance of these and other features of anemophily. Emphasis is placed on the mathematical description of the behavior of airflow patterns around ovulate organs. The efficiency of wind pollination is shown to be dictated principally by the vectoral properties of air currents created by and around ovulate organs and the physical properties of pollen that dictate their behavior as airborne particles. /// Eine Anzahl von morphologischen Kennzeichen, die Effizienz der Windpollination zu steigern scheinen, haben sich in evolution\&{\#}xe4;r ausenandergehonden Pflanzengruppen entwickelt. Zu diesen Kennzeichen geh\&{\#}xf6;ren die Erscheinung von Pollenk\&{\#}xf6;rnen von geringer Dichte, weiblichen Organen die pollentragende Luftstr\&{\#}xf6;mungen zu den Stigmas oder Micropylen dirigieren, und Bev\&{\#}xf6;lkerungsstrukturen mit grosser Dichte von Con-specifics. Diese Abhandlung gibt einen \&{\#}xfc;berblick der aerodynamischen Theorie und der experimentelle Werte, die f\&{\#}xfc;r das Verst\&{\#}xe4;ndnis der adaptiven Signifikanz dieser und anderer Kennzeichen der Windpollination von Bedeutung sind. Betont wird die mathematische Beschreibung des Verhaltens der Luftstr\&{\#}xf6;mungen um die weiblichen Organe. Es wird gezeigt, dass die Effizienz der Windpollination haupts\&{\#}xe4;chlich durch die vectoralen Eigenschaften der Luftstr\&{\#}xf6;mungen die durch und um die weiblichen Organe entstehen, bestimmt wird, und durch die physischen Eigenschaften des Pollens, die sein Verhalten als luftgetragene Partikel diktieren.},
	Author = {Niklas, Karl J.},
	Booktitle = {Botanical Review},
	C1 = {Full publication date: Jul. - Sep., 1985},
	Date-Added = {2018-01-09 20:38:36 +0000},
	Date-Modified = {2018-01-09 20:38:48 +0000},
	Isbn = {00068101, 18749372},
	Number = {3},
	Pages = {328--386},
	Publisher = {New York Botanical Garden Press},
	Title = {The Aerodynamics of Wind Pollination},
	Ty = {JOUR},
	Url = {http://www.jstor.org.ezp-prod1.hul.harvard.edu/stable/4354060},
	Volume = {51},
	Year = {1985},
	Bdsk-Url-1 = {http://www.jstor.org.ezp-prod1.hul.harvard.edu/stable/4354060}}

@article{Larson2000,
	Annote = {10.1111/j.1095-8312.2000.tb01221.x},
	Author = {LARSON, BRENDON M. H. and BARRETT, SPENCER C. H.},
	Date = {2000/04/01},
	Date-Added = {2018-01-09 19:45:11 +0000},
	Date-Modified = {2018-01-09 19:45:27 +0000},
	Isbn = {0024-4066},
	Journal = {Biological Journal of the Linnean Society},
	M3 = {doi: 10.1111/j.1095-8312.2000.tb01221.x},
	Month = {04},
	N2 = {We conducted a comparative analysis to determine life history and ecological correlates of pollen limitation among 224 species of animal-pollinated flowering plants. To test predictions concerning the occurrence of pollen limitation, species were classified categorically for six life-history traits (self-compatible vs. self-incompatible, autogamous vs. non-autogamous, specialized vs. unspecialized floral morphology, nectariferous vs. nectarless, monocarpic vs. polycarpic, herbaceous vs. woody) and two ecological conditions (presence in open vs. forested habitats and temperate vs. tropical biomes). Pollen limitation of species in contrasting categories was compared using non-parametric tests (TIPs analysis) and phylogenetically-independent contrasts (PICs). The results of TIPs and PICs analyses were generally congruent, although fewer significant contrasts were evident with PICs, probably because of low statistical power. Overall the results suggest that the influence of phylogenetic history on the intensity of pollen limitation was not particularly strong. Nonetheless, significant variation in the degree of pollen limitation was demonstrated among seven angiosperm families suggesting some phylogenetic component to the phenomenon. With both TIPs and PICs, pollen limitation was less intense in self-compatible and autogamous species. TIPs analysis demonstrated that herbaceous, nectariferous, and temperate species were less likely to be pollen-limited, but using PICs this could only be corroborated for those that were self-incompatible. None of the traits were singularly unambiguous predictors of pollen limitation, possibly reflecting the stochastic nature of pollinator service.},
	Number = {4},
	Pages = {503--520},
	Title = {A comparative analysis of pollen limitation in flowering plants},
	Ty = {JOUR},
	Url = {http://dx.doi.org/10.1111/j.1095-8312.2000.tb01221.x},
	Volume = {69},
	Year = {2000},
	Bdsk-File-1 = {YnBsaXN0MDDUAQIDBAUGJCVYJHZlcnNpb25YJG9iamVjdHNZJGFyY2hpdmVyVCR0b3ASAAGGoKgHCBMUFRYaIVUkbnVsbNMJCgsMDxJXTlMua2V5c1pOUy5vYmplY3RzViRjbGFzc6INDoACgAOiEBGABIAFgAdccmVsYXRpdmVQYXRoWWFsaWFzRGF0YV8QLS4uLy4uLy4uLy4uL0Rvd25sb2Fkcy8xMC4xODkwJTJGMTQtMDgxOS4xLnJpc9IXCxgZV05TLmRhdGFPEQG2AAAAAAG2AAIAAAxNYWNpbnRvc2ggSEQAAAAAAAAAAAAAAAAAAADKQLGsSCsAAAAFAqEXMTAuMTg5MCUyRjE0LTA4MTkuMS5yaXMAAAAAAAAAAAAAAAAAAAAAAAAAAAAAAAAAAAAAAAAAAAAAAAAAAAAAA5xJNNZ6o/kAAAAAAAAAAAAEAAIAAAkgAAAAAAAAAAAAAAAAAAAACURvd25sb2FkcwAAEAAIAADKQOnsAAAAEQAIAADWeupJAAAAAQAMAAUCoQAFAlcAAL7sAAIAR01hY2ludG9zaCBIRDpVc2VyczoAZGFuaWVsYnVvbmFpdXRvOgBEb3dubG9hZHM6ADEwLjE4OTAlMkYxNC0wODE5LjEucmlzAAAOADAAFwAxADAALgAxADgAOQAwACUAMgBGADEANAAtADAAOAAxADkALgAxAC4AcgBpAHMADwAaAAwATQBhAGMAaQBuAHQAbwBzAGgAIABIAEQAEgA3VXNlcnMvZGFuaWVsYnVvbmFpdXRvL0Rvd25sb2Fkcy8xMC4xODkwJTJGMTQtMDgxOS4xLnJpcwAAEwABLwAAFQACABb//wAAgAbSGxwdHlokY2xhc3NuYW1lWCRjbGFzc2VzXU5TTXV0YWJsZURhdGGjHR8gVk5TRGF0YVhOU09iamVjdNIbHCIjXE5TRGljdGlvbmFyeaIiIF8QD05TS2V5ZWRBcmNoaXZlctEmJ1Ryb290gAEACAARABoAIwAtADIANwBAAEYATQBVAGAAZwBqAGwAbgBxAHMAdQB3AIQAjgC+AMMAywKFAocCjAKXAqACrgKyArkCwgLHAtQC1wLpAuwC8QAAAAAAAAIBAAAAAAAAACgAAAAAAAAAAAAAAAAAAALz},
	Bdsk-Url-1 = {http://dx.doi.org/10.1111/j.1095-8312.2000.tb01221.x}}

@techreport{Brown1969,
	Author = {Brown, Rodger A.; McVehil, George E. ; Peac, Robert L., Jr. ; Coakley, Robert W.},
	Date-Added = {2018-01-09 19:34:37 +0000},
	Date-Modified = {2018-01-09 19:37:15 +0000},
	Institution = {Cornell Aeronautical Lab},
	Title = {Characterization of forest vegetation analogs},
	Year = {1969},
	Bdsk-File-1 = {YnBsaXN0MDDUAQIDBAUGJCVYJHZlcnNpb25YJG9iamVjdHNZJGFyY2hpdmVyVCR0b3ASAAGGoKgHCBMUFRYaIVUkbnVsbNMJCgsMDxJXTlMua2V5c1pOUy5vYmplY3RzViRjbGFzc6INDoACgAOiEBGABIAFgAdccmVsYXRpdmVQYXRoWWFsaWFzRGF0YV8QJS4uLy4uLy4uLy4uL0Rvd25sb2Fkcy9hZ3Jpc2V4cG9ydC50eHTSFwsYGVdOUy5kYXRhTxEBlgAAAAABlgACAAAMTWFjaW50b3NoIEhEAAAAAAAAAAAAAAAAAAAAykCxrEgrAAAABQKhD2FncmlzZXhwb3J0LnR4dAAAAAAAAAAAAAAAAAAAAAAAAAAAAAAAAAAAAAAAAAAAAAAAAAAAAAAAAAAAAAAAAAOcQJzWeoN3AAAAAAAAAAAABAACAAAJIAAAAAAAAAAAAAAAAAAAAAlEb3dubG9hZHMAABAACAAAykDp7AAAABEACAAA1nrJxwAAAAEADAAFAqEABQJXAAC+7AACAD9NYWNpbnRvc2ggSEQ6VXNlcnM6AGRhbmllbGJ1b25haXV0bzoARG93bmxvYWRzOgBhZ3Jpc2V4cG9ydC50eHQAAA4AIAAPAGEAZwByAGkAcwBlAHgAcABvAHIAdAAuAHQAeAB0AA8AGgAMAE0AYQBjAGkAbgB0AG8AcwBoACAASABEABIAL1VzZXJzL2RhbmllbGJ1b25haXV0by9Eb3dubG9hZHMvYWdyaXNleHBvcnQudHh0AAATAAEvAAAVAAIAFv//AACABtIbHB0eWiRjbGFzc25hbWVYJGNsYXNzZXNdTlNNdXRhYmxlRGF0YaMdHyBWTlNEYXRhWE5TT2JqZWN00hscIiNcTlNEaWN0aW9uYXJ5oiIgXxAPTlNLZXllZEFyY2hpdmVy0SYnVHJvb3SAAQAIABEAGgAjAC0AMgA3AEAARgBNAFUAYABnAGoAbABuAHEAcwB1AHcAhACOALYAuwDDAl0CXwJkAm8CeAKGAooCkQKaAp8CrAKvAsECxALJAAAAAAAAAgEAAAAAAAAAKAAAAAAAAAAAAAAAAAAAAss=}}

@article{Marques2012,
	Author = {MARQUES, ISABEL and DRAPER, DAVID},
	Date-Added = {2018-01-09 19:09:55 +0000},
	Date-Modified = {2018-01-09 19:10:14 +0000},
	Doi = {10.1111/j.1442-1984.2011.00334.x},
	Isbn = {1442-1984},
	Journal = {Plant Species Biology},
	Keywords = {bulb weight; hysteranthous/synanthous leaves; life cycle; Narcissus serotinus},
	Number = {1},
	Pages = {106--109},
	Publisher = {Blackwell Publishing Asia},
	Title = {Decoupling of reproduction and growth: an unusual pattern in the life cycle of the Mediterranean geophyte Narcissus serotinus},
	Ty = {JOUR},
	Url = {http://dx.doi.org/10.1111/j.1442-1984.2011.00334.x},
	Volume = {27},
	Year = {2012},
	Year1 = {2012/01/01},
	Bdsk-Url-1 = {http://dx.doi.org/10.1111/j.1442-1984.2011.00334.x}}

@article{Dyer1953,
	Author = {R. A. Dyer},
	Booktitle = {Taxon},
	C1 = {Full publication date: Oct., 1953},
	Date-Added = {2018-01-09 19:07:06 +0000},
	Date-Modified = {2018-01-09 19:07:13 +0000},
	Doi = {10.2307/1216495},
	Isbn = {00400262},
	Number = {7},
	Pages = {182--183},
	Publisher = {International Association for Plant Taxonomy (IAPT)},
	Title = {Interpretation of the Term Hysteranthous},
	Ty = {JOUR},
	Url = {http://www.jstor.org.ezp-prod1.hul.harvard.edu/stable/1216495},
	Volume = {2},
	Year = {1953},
	Bdsk-Url-1 = {http://www.jstor.org.ezp-prod1.hul.harvard.edu/stable/1216495},
	Bdsk-Url-2 = {http://dx.doi.org/10.2307/1216495}}

@article{Knight2005,
	Abstract = {? Abstract?Quantifying the extent to which seed production is limited by the availability of pollen has been an area of intensive empirical study over the past few decades. Whereas theory predicts that pollen augmentation should not increase seed production, numerous empirical studies report significant and strong pollen limitation. Here, we use a variety of approaches to examine the correlates of pollen limitation in an effort to understand its occurrence and importance in plant evolutionary ecology. In particular, we examine the role of recent ecological perturbations in influencing pollen limitation and discuss the relation between pollen limitation and plant traits. We find that the magnitude of pollen limitation observed in natural populations depends on both historical constraints and contemporary ecological factors.},
	Annote = {doi: 10.1146/annurev.ecolsys.36.102403.115320},
	Author = {Knight, Tiffany M. and Steets, Janette A. and Vamosi, Jana C. and Mazer, Susan J. and Burd, Martin and Campbell, Diane R. and Dudash, Michele R. and Johnston, Mark O. and Mitchell, Randall J. and Ashman, Tia-Lynn},
	Booktitle = {Annual Review of Ecology, Evolution, and Systematics},
	Da = {2005/12/01},
	Date = {2005/11/10},
	Date-Added = {2018-01-09 14:31:40 +0000},
	Date-Modified = {2018-01-09 14:31:49 +0000},
	Doi = {10.1146/annurev.ecolsys.36.102403.115320},
	Isbn = {1543-592X},
	Journal = {Annual Review of Ecology, Evolution, and Systematics},
	Journal1 = {Annu. Rev. Ecol. Evol. Syst.},
	M3 = {doi: 10.1146/annurev.ecolsys.36.102403.115320},
	Month = {2018/01/09},
	N2 = {? Abstract?Quantifying the extent to which seed production is limited by the availability of pollen has been an area of intensive empirical study over the past few decades. Whereas theory predicts that pollen augmentation should not increase seed production, numerous empirical studies report significant and strong pollen limitation. Here, we use a variety of approaches to examine the correlates of pollen limitation in an effort to understand its occurrence and importance in plant evolutionary ecology. In particular, we examine the role of recent ecological perturbations in influencing pollen limitation and discuss the relation between pollen limitation and plant traits. We find that the magnitude of pollen limitation observed in natural populations depends on both historical constraints and contemporary ecological factors.},
	Number = {1},
	Pages = {467--497},
	Publisher = {Annual Reviews},
	Title = {Pollen Limitation of Plant Reproduction: Pattern and Process},
	Ty = {JOUR},
	Url = {https://doi.org/10.1146/annurev.ecolsys.36.102403.115320},
	Volume = {36},
	Year = {2005},
	Year1 = {2005},
	Bdsk-File-1 = {YnBsaXN0MDDUAQIDBAUGJCVYJHZlcnNpb25YJG9iamVjdHNZJGFyY2hpdmVyVCR0b3ASAAGGoKgHCBMUFRYaIVUkbnVsbNMJCgsMDxJXTlMua2V5c1pOUy5vYmplY3RzViRjbGFzc6INDoACgAOiEBGABIAFgAdccmVsYXRpdmVQYXRoWWFsaWFzRGF0YV8QKy4uLy4uLy4uLy4uL0Rvd25sb2Fkcy9TMDE2ODE5MjMxMjAwMjAwNi5yaXPSFwsYGVdOUy5kYXRhTxEBeAAAAAABeAACAAAMTWFjaW50b3NoIEhEAAAAAAAAAAAAAAAAAAAAAAAAAEJEAAH/////FVMwMTY4MTkyMzEyMDAyMDA2LnJpcwAAAAAAAAAAAAAAAAAAAAAAAAAAAAAAAAAAAAAAAAAAAAAAAAAAAAAAAP////8AAAAAAAAAAAAAAAAABAACAAAKIGN1AAAAAAAAAAAAAAAAAAlEb3dubG9hZHMAAAIANy86VXNlcnM6ZGFuaWVsYnVvbmFpdXRvOkRvd25sb2FkczpTMDE2ODE5MjMxMjAwMjAwNi5yaXMAAA4ALAAVAFMAMAAxADYAOAAxADkAMgAzADEAMgAwADAAMgAwADAANgAuAHIAaQBzAA8AGgAMAE0AYQBjAGkAbgB0AG8AcwBoACAASABEABIANVVzZXJzL2RhbmllbGJ1b25haXV0by9Eb3dubG9hZHMvUzAxNjgxOTIzMTIwMDIwMDYucmlzAAATAAEvAAAVAAIAFv//AACABtIbHB0eWiRjbGFzc25hbWVYJGNsYXNzZXNdTlNNdXRhYmxlRGF0YaMdHyBWTlNEYXRhWE5TT2JqZWN00hscIiNcTlNEaWN0aW9uYXJ5oiIgXxAPTlNLZXllZEFyY2hpdmVy0SYnVHJvb3SAAQAIABEAGgAjAC0AMgA3AEAARgBNAFUAYABnAGoAbABuAHEAcwB1AHcAhACOALwAwQDJAkUCRwJMAlcCYAJuAnICeQKCAocClAKXAqkCrAKxAAAAAAAAAgEAAAAAAAAAKAAAAAAAAAAAAAAAAAAAArM=},
	Bdsk-Url-1 = {https://doi.org/10.1146/annurev.ecolsys.36.102403.115320},
	Bdsk-Url-2 = {http://dx.doi.org/10.1146/annurev.ecolsys.36.102403.115320}}

@article{Whitehead1969,
	Abstract = {Studies of the aerodynamics of particle transport and capture suggest that the conditions most propitious for effective wind pollination are as follows: (1) production and release of large numbers of grains; (2) both anthers and stigma exposed; (3) grains falling within a certain size range (20-40\&{\#}x3bc;); very small grains will be dispersed readily but cannot be captured efficiently by the stigma, large grains have a high terminal velocity, hence will settle too rapidly; (4) exine of grains thin (or with large air spaces), sculpture smooth; (5) the stigma should present much surface area to capture grains, but, since collection efficiency will decrease with increasing stigma diameter, the increase in surface should be accomplished through the evolution of a complex stigma with many branches of small diameter; (6) individuals of the species should not be too widely spaced in the vegetation; (7) the vegetation should be open in structure or deciduous; thus there will be few obstructions to transport during at least one portion of the year; (8) flowering must be closely coordinated by relatively unambiguous environmental stimuli; (9) pollen release (hence flowering) should coincide with the most favorable time of the year for transport (low probability of precipitation, adequate winds and turbulence, deciduous season). The geography of wind pollination in the angiosperms can be understood best in terms of these prerequisites for efficient transport of pollen. Anemophily is very infrequent in the tropical rain forest, becomes more frequent as one moves to more seasonally variable environments, and is frequent in northern temperate forests. The environment of the tropical rain forest is unsuitable for anemophily: (1) species diversity is very high, hence individuals of the same species are apt to be widely spaced; (2) the forest is densely structured, hence wind velocities are low and there are many obstacles to transport; (3) there is no leafless season; (4) rainfall is frequent throughout the year, hence transport will be limited; (5) there are few unambiguous stimuli which can coordinate flowering; (6) potential animal pollinators are abundant. These conditions do not exist in northern temperate forests, or in prairies, or in savannas. It is possible that the evolution of wind pollination in the angiosperms paralleled the evolution of the deciduous habit. Axelrod has suggested that the deciduous habit evolved in response to seasonal drought as angiosperms migrated into lower middle latitudes during the early Cretaceous. Both the deciduous habit and the physical conditions existing just peripheral to the tropics would favor the evolution of wind pollination. An examination of seasonal environments in the tropics at present and the fossil record of deciduous and wind pollinated angiosperms supports this contention.},
	Author = {Whitehead, Donald R.},
	Booktitle = {Evolution},
	C1 = {Full publication date: Mar., 1969},
	Date-Added = {2018-01-08 17:24:31 +0000},
	Date-Modified = {2018-01-08 17:24:39 +0000},
	Doi = {10.2307/2406479},
	Isbn = {00143820, 15585646},
	Number = {1},
	Pages = {28--35},
	Publisher = {{$[$}Society for the Study of Evolution, Wiley{$]$}},
	Title = {Wind Pollination in the Angiosperms: Evolutionary and Environmental Considerations},
	Ty = {JOUR},
	Url = {http://www.jstor.org/stable/2406479},
	Volume = {23},
	Year = {1969},
	Bdsk-Url-1 = {http://www.jstor.org/stable/2406479},
	Bdsk-Url-2 = {http://dx.doi.org/10.2307/2406479}}

@article{Lamont2011,
	Abstract = {Data on 386 species with fire-stimulated flowering (fsf) in Australasia and South Africa/Madagascar were collated to show that they occur under a wide range of fire regimes, with 71{\%} confined to the mediterranean-climate regions. About 40{\%} only flower up to 2 years after fire (obligate), while the rest continue at a low rate until the next fire (facultative). Peak flowering occurs 5--18 months after fire in the mediterranean regions but at 1--7 months in savannas. Fsf is recorded in 34 families, headed by terrestrial orchids (45{\%} of species), spread throughout the seed-plant phylogeny from cycads to daisies. Tuberous geophytes (essentially orchids) dominate (51{\%}), but other resprouting growth forms include lignotuberous shrubs and forbs, rhizomatous and bunch grasses, leaf succulents, grasstrees, epicormic trees, and hemiparasites. Most have wind-dispersed diaspores (72{\%}), store their diaspores in the soil (93{\%}), and seeds that do not germinate until the next fire (72{\%}). Fsf in association with resprouting takes advantage of optimal resources and minimal competition for growth and reproduction, conditions that favor wind dispersal and maximize the interval for seed accumulation before the next fire and build-up of fire-tolerant organs. Reduced herbivory has little role in accounting for its benefits. The proximal causes of fsf center around cueing factors (direct effects such as ethylene), resource factors (direct and indirect effects, e.g., extra nutrients), and predisposing factors (circumstantial effects, e.g., fire interval). The evolutionary history of fsf has been explored recently in orchids, proteas, blood roots, droseras, and mistletoes and shown to stretch back over a period of at least 50 million years, indicating that flowering in many groups has a long association with fire as an agent of natural selection.},
	Author = {Lamont, Byron B. and Downes, Katherine S.},
	Da = {2011/12/01},
	Date-Added = {2018-01-08 17:18:42 +0000},
	Date-Modified = {2018-01-08 17:18:50 +0000},
	Doi = {10.1007/s11258-011-9987-y},
	Id = {Lamont2011},
	Isbn = {1573-5052},
	Journal = {Plant Ecology},
	Number = {12},
	Pages = {2111--2125},
	Title = {Fire-stimulated flowering among resprouters and geophytes in Australia and South Africa},
	Ty = {JOUR},
	Url = {https://doi.org/10.1007/s11258-011-9987-y},
	Volume = {212},
	Year = {2011},
	Bdsk-Url-1 = {https://doi.org/10.1007/s11258-011-9987-y},
	Bdsk-Url-2 = {http://dx.doi.org/10.1007/s11258-011-9987-y}}

@booklet{Heinig1899,
	Address = {Calcutta, India},
	Author = {Heinig, R.L.},
	Date-Added = {2018-01-08 17:12:05 +0000},
	Date-Modified = {2018-01-08 17:15:14 +0000},
	Publisher = {Office of the Superintendent of Government Printing},
	Title = {Glossary Of The Botanic Terms Used In Describing Flowering Plants},
	Year = {1899}}

@article{Wolkovich2014,
	Author = {Wolkovich, Elizabeth M. and Ettinger, Ailene K.},
	C8 = {2014-17885},
	Date-Added = {2018-01-08 17:04:33 +0000},
	Date-Modified = {2018-01-08 17:04:44 +0000},
	Doi = {10.1111/nph.12957},
	Isbn = {1469-8137},
	Journal = {New Phytologist},
	Journal1 = {New Phytol},
	Keywords = {botanic gardens; constraints; functional traits; phenology; phylogeny; sequential events},
	Number = {4},
	Pages = {1021--1024},
	Title = {Back to the future for plant phenology research},
	Ty = {JOUR},
	Url = {http://dx.doi.org/10.1111/nph.12957},
	Volume = {203},
	Year = {2014},
	Year1 = {2014/09/01},
	Bdsk-Url-1 = {http://dx.doi.org/10.1111/nph.12957}}

@article{Rathcke1985,
	Annote = {doi: 10.1146/annurev.es.16.110185.001143},
	Author = {Rathcke, B and Lacey, E P},
	Booktitle = {Annual Review of Ecology and Systematics},
	Da = {1985/11/01},
	Date = {1985/11/01},
	Date-Added = {2018-01-08 17:00:23 +0000},
	Date-Modified = {2018-01-08 17:00:36 +0000},
	Doi = {10.1146/annurev.es.16.110185.001143},
	Isbn = {0066-4162},
	Journal = {Annual Review of Ecology and Systematics},
	Journal1 = {Annu. Rev. Ecol. Syst.},
	M3 = {doi: 10.1146/annurev.es.16.110185.001143},
	Month = {2018/01/08},
	Number = {1},
	Pages = {179--214},
	Publisher = {Annual Reviews},
	Title = {Phenological Patterns of Terrestrial Plants},
	Ty = {JOUR},
	Url = {https://doi.org/10.1146/annurev.es.16.110185.001143},
	Volume = {16},
	Year = {1985},
	Year1 = {1985},
	Bdsk-File-1 = {YnBsaXN0MDDUAQIDBAUGJCVYJHZlcnNpb25YJG9iamVjdHNZJGFyY2hpdmVyVCR0b3ASAAGGoKgHCBMUFRYaIVUkbnVsbNMJCgsMDxJXTlMua2V5c1pOUy5vYmplY3RzViRjbGFzc6INDoACgAOiEBGABIAFgAdccmVsYXRpdmVQYXRoWWFsaWFzRGF0YV8QPC4uLy4uLy4uLy4uL0Rvd25sb2Fkcy8xMC4xMTExJTJGai4xNzQ0LTczNDguMjAwNy4wMDE1OS54LnJpc9IXCxgZV05TLmRhdGFPEQHqAAAAAAHqAAIAAAxNYWNpbnRvc2ggSEQAAAAAAAAAAAAAAAAAAADKQLGsSCsAAAAFAqEfMTAuMTExMSUyRmouMTc0NC03MyMzOUM0QTEzLnJpcwAAAAAAAAAAAAAAAAAAAAAAAAAAAAAAAAAAAAAAAAAAA5xKE9Z6p4kAAAAAAAAAAAAEAAIAAAkgAAAAAAAAAAAAAAAAAAAACURvd25sb2FkcwAAEAAIAADKQOnsAAAAEQAIAADWeu3ZAAAAAQAMAAUCoQAFAlcAAL7sAAIAT01hY2ludG9zaCBIRDpVc2VyczoAZGFuaWVsYnVvbmFpdXRvOgBEb3dubG9hZHM6ADEwLjExMTElMkZqLjE3NDQtNzMjMzlDNEExMy5yaXMAAA4ATgAmADEAMAAuADEAMQAxADEAJQAyAEYAagAuADEANwA0ADQALQA3ADMANAA4AC4AMgAwADAANwAuADAAMAAxADUAOQAuAHgALgByAGkAcwAPABoADABNAGEAYwBpAG4AdABvAHMAaAAgAEgARAASAEZVc2Vycy9kYW5pZWxidW9uYWl1dG8vRG93bmxvYWRzLzEwLjExMTElMkZqLjE3NDQtNzM0OC4yMDA3LjAwMTU5LngucmlzABMAAS8AABUAAgAW//8AAIAG0hscHR5aJGNsYXNzbmFtZVgkY2xhc3Nlc11OU011dGFibGVEYXRhox0fIFZOU0RhdGFYTlNPYmplY3TSGxwiI1xOU0RpY3Rpb25hcnmiIiBfEA9OU0tleWVkQXJjaGl2ZXLRJidUcm9vdIABAAgAEQAaACMALQAyADcAQABGAE0AVQBgAGcAagBsAG4AcQBzAHUAdwCEAI4AzQDSANoCyALKAs8C2gLjAvEC9QL8AwUDCgMXAxoDLAMvAzQAAAAAAAACAQAAAAAAAAAoAAAAAAAAAAAAAAAAAAADNg==},
	Bdsk-Url-1 = {https://doi.org/10.1146/annurev.es.16.110185.001143},
	Bdsk-Url-2 = {http://dx.doi.org/10.1146/annurev.es.16.110185.001143}}

@article{Schwartz1998,
	Author = {Schwartz, Mark D.},
	Date = {1998/08/27/online},
	Date-Added = {2018-01-08 16:53:32 +0000},
	Date-Modified = {2018-01-08 16:53:58 +0000},
	Day = {27},
	Journal = {Nature},
	L3 = {10.1038/29670;},
	Month = {08},
	Pages = {839 EP -},
	Publisher = {Macmillan Magazines Ltd. SN -},
	Title = {Green-wave phenology},
	Ty = {JOUR},
	Url = {http://dx.doi.org/10.1038/29670},
	Volume = {394},
	Year = {1998},
	Bdsk-File-1 = {YnBsaXN0MDDUAQIDBAUGJCVYJHZlcnNpb25YJG9iamVjdHNZJGFyY2hpdmVyVCR0b3ASAAGGoKgHCBMUFRYaIVUkbnVsbNMJCgsMDxJXTlMua2V5c1pOUy5vYmplY3RzViRjbGFzc6INDoACgAOiEBGABIAFgAdccmVsYXRpdmVQYXRoWWFsaWFzRGF0YV8QPC4uLy4uLy4uLy4uL0Rvd25sb2Fkcy8xMC4xMTExJTJGai4xNzQ0LTczNDguMjAwNy4wMDE1OS54LnJpc9IXCxgZV05TLmRhdGFPEQHqAAAAAAHqAAIAAAxNYWNpbnRvc2ggSEQAAAAAAAAAAAAAAAAAAADKQLGsSCsAAAAFAqEfMTAuMTExMSUyRmouMTc0NC03MyMzOUM0QTEzLnJpcwAAAAAAAAAAAAAAAAAAAAAAAAAAAAAAAAAAAAAAAAAAA5xKE9Z6p4kAAAAAAAAAAAAEAAIAAAkgAAAAAAAAAAAAAAAAAAAACURvd25sb2FkcwAAEAAIAADKQOnsAAAAEQAIAADWeu3ZAAAAAQAMAAUCoQAFAlcAAL7sAAIAT01hY2ludG9zaCBIRDpVc2VyczoAZGFuaWVsYnVvbmFpdXRvOgBEb3dubG9hZHM6ADEwLjExMTElMkZqLjE3NDQtNzMjMzlDNEExMy5yaXMAAA4ATgAmADEAMAAuADEAMQAxADEAJQAyAEYAagAuADEANwA0ADQALQA3ADMANAA4AC4AMgAwADAANwAuADAAMAAxADUAOQAuAHgALgByAGkAcwAPABoADABNAGEAYwBpAG4AdABvAHMAaAAgAEgARAASAEZVc2Vycy9kYW5pZWxidW9uYWl1dG8vRG93bmxvYWRzLzEwLjExMTElMkZqLjE3NDQtNzM0OC4yMDA3LjAwMTU5LngucmlzABMAAS8AABUAAgAW//8AAIAG0hscHR5aJGNsYXNzbmFtZVgkY2xhc3Nlc11OU011dGFibGVEYXRhox0fIFZOU0RhdGFYTlNPYmplY3TSGxwiI1xOU0RpY3Rpb25hcnmiIiBfEA9OU0tleWVkQXJjaGl2ZXLRJidUcm9vdIABAAgAEQAaACMALQAyADcAQABGAE0AVQBgAGcAagBsAG4AcQBzAHUAdwCEAI4AzQDSANoCyALKAs8C2gLjAvEC9QL8AwUDCgMXAxoDLAMvAzQAAAAAAAACAQAAAAAAAAAoAAAAAAAAAAAAAAAAAAADNg==},
	Bdsk-Url-1 = {http://dx.doi.org/10.1038/29670}}
